<record><header><identifier>oai:alma.41SLSP_UGE:991000792719705502</identifier><datestamp>2023-03-01T01:09:42Z</datestamp><setSpec>uge_bcen_RapidILL_BOOK</setSpec><setSpec>uge_aaca_RapidILL_BOOK</setSpec><setSpec>uge_abels_RapidILL_BOOK</setSpec><setSpec>uge_dbu_RapidILL_BOOK</setSpec><setSpec>uge_cmu_RapidILL_BOOK</setSpec><setSpec>uge_mail_RapidILL_BOOK</setSpec><setSpec>UNIGE_ALL</setSpec><setSpec>uge_abbat_RapidILL_BOOK</setSpec><setSpec>uge_aobs_RapidILL_BOOK</setSpec><setSpec>uge_acar_RapidILL_BOOK</setSpec></header><metadata>
<record xmlns="http://www.loc.gov/MARC21/slim" xmlns:xsi="http://www.w3.org/2001/XMLSchema-instance" xsi:schemaLocation="http://www.loc.gov/MARC21/slim http://www.loc.gov/standards/marcxml/schema/MARC21slim.xsd"><leader>02238nam a2200457 c 4500</leader><controlfield tag="001">991000792719705502</controlfield><controlfield tag="005">20230201193028.0</controlfield><controlfield tag="008">160112s2007    ko ||||| |||| 00| ||kor d</controlfield><datafield ind1=" " ind2=" " tag="020"><subfield code="a">8976963229</subfield><subfield code="q">pbk.</subfield></datafield><datafield ind1=" " ind2=" " tag="020"><subfield code="a">9788976963222</subfield></datafield><datafield ind1=" " ind2=" " tag="035"><subfield code="a">(swissbib)122487931-41slsp_network</subfield></datafield><datafield ind1=" " ind2=" " tag="035"><subfield code="a">122487931</subfield><subfield code="9">ExL</subfield></datafield><datafield ind1=" " ind2=" " tag="035"><subfield code="a">(RERO)R008339414-41slsp</subfield></datafield><datafield ind1=" " ind2=" " tag="035"><subfield code="a">(EXLNZ-41SLSP_NETWORK)991127750069705501</subfield></datafield><datafield ind1=" " ind2=" " tag="040"><subfield code="a">CSL</subfield><subfield code="d">CH-ZuSLS</subfield></datafield><datafield ind1=" " ind2="0" tag="050"><subfield code="a">DS922.2</subfield><subfield code="b">.C48 2007</subfield></datafield><datafield ind1=" " ind2="7" tag="072"><subfield code="a">or</subfield><subfield code="2">rero</subfield></datafield><datafield ind1="0" ind2="4" tag="082"><subfield code="a">951.95043</subfield><subfield code="2">22</subfield></datafield><datafield ind1="1" ind2=" " tag="100"><subfield code="6">880-01</subfield><subfield code="a">Cho, Hŭi-yŏn</subfield><subfield code="d">1956-</subfield><subfield code="0">(RERO)A025934226</subfield><subfield code="4">cre</subfield></datafield><datafield ind1="0" ind2=" " tag="880"><subfield code="6">100-01/$1</subfield><subfield code="a">조 희연</subfield><subfield code="d">1956-</subfield></datafield><datafield ind1="1" ind2="0" tag="245"><subfield code="6">880-02</subfield><subfield code="a">Pak Chŏng-hŭi wa kaebal tokchae sidae</subfield><subfield code="b">5.16 esŏ 10.26 kkaji</subfield><subfield code="c">Cho Hŭi-yŏn chiŭm ; Yŏksa Munje Yŏnʾguso kihoek</subfield></datafield><datafield ind1="1" ind2="0" tag="880"><subfield code="6">245-02/$1</subfield><subfield code="a">박 정희 와 개발 독재 시대</subfield><subfield code="b">5·16 에서 10·26 까지</subfield><subfield code="c">조 희연 지음 ; 역사 문제 연구소 기획</subfield></datafield><datafield ind1=" " ind2=" " tag="250"><subfield code="6">880-03</subfield><subfield code="a">1-pʿan</subfield></datafield><datafield ind1=" " ind2=" " tag="880"><subfield code="6">250-03/$1</subfield><subfield code="a">1판</subfield></datafield><datafield ind1=" " ind2="1" tag="264"><subfield code="6">880-04</subfield><subfield code="a">Sŏul-si</subfield><subfield code="b">Yŏksa Pipʿyŏngsa</subfield><subfield code="c">2007</subfield></datafield><datafield ind1=" " ind2="1" tag="880"><subfield code="6">264-04/$1</subfield><subfield code="a">서울시</subfield><subfield code="b">역사 비평사</subfield><subfield code="c">2007</subfield></datafield><datafield ind1=" " ind2=" " tag="300"><subfield code="a">256 p.</subfield><subfield code="b">ill.</subfield><subfield code="c">21 cm</subfield></datafield><datafield ind1=" " ind2=" " tag="336"><subfield code="b">txt</subfield><subfield code="2">rdacontent</subfield></datafield><datafield ind1=" " ind2=" " tag="337"><subfield code="b">n</subfield><subfield code="2">rdamedia</subfield></datafield><datafield ind1=" " ind2=" " tag="338"><subfield code="b">nc</subfield><subfield code="2">rdacarrier</subfield></datafield><datafield ind1="0" ind2=" " tag="490"><subfield code="6">880-05</subfield><subfield code="a">20 kwŏn ŭro ingnŭn 20-segi Hanʾguksa series</subfield></datafield><datafield ind1="0" ind2=" " tag="880"><subfield code="6">490-05/$1</subfield><subfield code="a">20권 으로 읽는 20 世紀 韓國史 series</subfield></datafield><datafield ind1=" " ind2=" " tag="504"><subfield code="a">Bibliographical references: p. 248-251 and index</subfield></datafield><datafield ind1="1" ind2="0" tag="600"><subfield code="a">Park, Chung Hee</subfield><subfield code="d">1917-1979</subfield></datafield><datafield ind1=" " ind2="7" tag="650"><subfield code="a">1960-1988</subfield><subfield code="2">rero</subfield></datafield><datafield ind1=" " ind2="7" tag="650"><subfield code="a">Politique économique</subfield><subfield code="0">(IDREF)027479358</subfield><subfield code="2">idref</subfield></datafield><datafield ind1=" " ind2="7" tag="650"><subfield code="a">Politique et gouvernement</subfield><subfield code="0">(IDREF)027728110</subfield><subfield code="2">idref</subfield></datafield><datafield ind1=" " ind2="7" tag="651"><subfield code="a">Corée (République)</subfield><subfield code="0">(IDREF)027250911</subfield><subfield code="2">idref</subfield></datafield><datafield ind1="2" ind2=" " tag="710"><subfield code="6">880-06</subfield><subfield code="a">Yŏksa munje yŏn'guso</subfield><subfield code="g">Séoul, Corée S.</subfield><subfield code="0">(IDREF)154241741</subfield></datafield><datafield ind1="2" ind2=" " tag="880"><subfield code="6">710-06/$1</subfield><subfield code="a">역사 문제 연구소 (Korea)</subfield></datafield><datafield ind1=" " ind2=" " tag="900"><subfield code="a">REROnoselfmerge</subfield></datafield><datafield ind1=" " ind2=" " tag="910"><subfield code="a">LOC</subfield><subfield code="b">20160112</subfield><subfield code="c">Droits réservés</subfield></datafield></record>
</metadata></record>