<record><header><identifier>oai:alma.41SLSP_UGE:991000792199705502</identifier><datestamp>2023-06-27T00:15:23Z</datestamp><setSpec>uge_bcen_RapidILL_BOOK</setSpec><setSpec>uge_aaca_RapidILL_BOOK</setSpec><setSpec>uge_abels_RapidILL_BOOK</setSpec><setSpec>uge_dbu_RapidILL_BOOK</setSpec><setSpec>uge_cmu_RapidILL_BOOK</setSpec><setSpec>uge_mail_RapidILL_BOOK</setSpec><setSpec>uge_abbat_RapidILL_BOOK</setSpec><setSpec>UNIGE_ALL</setSpec><setSpec>uge_acar_RapidILL_BOOK</setSpec><setSpec>uge_aobs_RapidILL_BOOK</setSpec></header><metadata>
<record xmlns="http://www.loc.gov/MARC21/slim" xmlns:xsi="http://www.w3.org/2001/XMLSchema-instance" xsi:schemaLocation="http://www.loc.gov/MARC21/slim http://www.loc.gov/standards/marcxml/schema/MARC21slim.xsd"><leader>01852nam a2200505 c 4500</leader><controlfield tag="001">991000792199705502</controlfield><controlfield tag="005">20230625140135.0</controlfield><controlfield tag="008">201011s1992    fr ||||| |||| 00| ||fre d</controlfield><datafield ind1=" " ind2=" " tag="020"><subfield code="a">2130441289</subfield></datafield><datafield ind1="7" ind2=" " tag="024"><subfield code="a">http://catalogue.bnf.fr/ark:/12148/cb35523756m</subfield><subfield code="2">uri</subfield></datafield><datafield ind1=" " ind2=" " tag="035"><subfield code="a">(swissbib)229781519-41slsp_network</subfield></datafield><datafield ind1=" " ind2=" " tag="035"><subfield code="a">229781519</subfield><subfield code="9">ExL</subfield></datafield><datafield ind1=" " ind2=" " tag="035"><subfield code="a">(RERO)1562049-41slsp</subfield></datafield><datafield ind1=" " ind2=" " tag="035"><subfield code="a">(IDSBB)000860071DSV01</subfield></datafield><datafield ind1=" " ind2=" " tag="035"><subfield code="a">(NEBIS)007790179EBI01</subfield></datafield><datafield ind1=" " ind2=" " tag="035"><subfield code="a">(EXLNZ-41SLSP_NETWORK)991161209299705501</subfield></datafield><datafield ind1=" " ind2=" " tag="040"><subfield code="a">RERO gevbpu</subfield><subfield code="d">CH-ZuSLS</subfield></datafield><datafield ind1=" " ind2="7" tag="072"><subfield code="a">so</subfield><subfield code="2">rero</subfield></datafield><datafield ind1=" " ind2="7" tag="072"><subfield code="a">ng</subfield><subfield code="2">SzZuIDS BS/BE</subfield></datafield><datafield ind1="1" ind2="4" tag="082"><subfield code="a">900</subfield><subfield code="2">15</subfield></datafield><datafield ind1=" " ind2=" " tag="084"><subfield code="a">GZ 1300</subfield><subfield code="2">rvk</subfield></datafield><datafield ind1=" " ind2=" " tag="084"><subfield code="a">GZ 1350</subfield><subfield code="2">rvk</subfield></datafield><datafield ind1=" " ind2=" " tag="084"><subfield code="a">NN 1367</subfield><subfield code="2">rvk</subfield></datafield><datafield ind1="1" ind2=" " tag="100"><subfield code="a">Battail, Jean-François</subfield><subfield code="d">1939-</subfield><subfield code="0">(DE-588)140496483</subfield><subfield code="6">880-01</subfield></datafield><datafield ind1="1" ind2=" " tag="880"><subfield code="6">100-01</subfield><subfield code="a">Battail, Jean-François</subfield><subfield code="d">1939-....</subfield><subfield code="0">(IDREF)026709228</subfield><subfield code="4">cre</subfield></datafield><datafield ind1="1" ind2="0" tag="245"><subfield code="a">&lt;&lt;Les&gt;&gt; sociétés scandinaves de la Réforme à nos jours</subfield><subfield code="c">Jean-François Battail, Régis Boyer, Vincent Fournier</subfield></datafield><datafield ind1=" " ind2="1" tag="264"><subfield code="a">Paris</subfield><subfield code="b">Presses universitaires de France</subfield><subfield code="c">1992</subfield></datafield><datafield ind1=" " ind2=" " tag="300"><subfield code="a">596 p.</subfield><subfield code="c">24 cm</subfield></datafield><datafield ind1=" " ind2=" " tag="336"><subfield code="b">txt</subfield><subfield code="2">rdacontent</subfield></datafield><datafield ind1=" " ind2=" " tag="337"><subfield code="b">n</subfield><subfield code="2">rdamedia</subfield></datafield><datafield ind1=" " ind2=" " tag="338"><subfield code="b">nc</subfield><subfield code="2">rdacarrier</subfield></datafield><datafield ind1=" " ind2=" " tag="504"><subfield code="a">Bibliogr.: p. 573-578</subfield></datafield><datafield ind1=" " ind2="7" tag="650"><subfield code="a">Société</subfield><subfield code="0">(IDREF)269230165</subfield><subfield code="2">idref</subfield></datafield><datafield ind1=" " ind2="7" tag="650"><subfield code="a">1453-20e siècle</subfield><subfield code="0">(RERO)A026987112</subfield><subfield code="2">rero</subfield></datafield><datafield ind1=" " ind2="7" tag="650"><subfield code="a">Réforme protestante</subfield><subfield code="0">(IDREF)027341836</subfield><subfield code="2">idref</subfield></datafield><datafield ind1=" " ind2="7" tag="651"><subfield code="a">Scandinavie</subfield><subfield code="0">(IDREF)027350789</subfield><subfield code="2">idref</subfield></datafield><datafield ind1=" " ind2="7" tag="651"><subfield code="a">Skandinavien</subfield><subfield code="y">Geschichte Neuzeit</subfield><subfield code="2">idsbb</subfield></datafield><datafield ind1=" " ind2=" " tag="690"><subfield code="a">Skandinavien</subfield><subfield code="2">uzb-UG</subfield></datafield><datafield ind1=" " ind2=" " tag="690"><subfield code="a">Geschichte</subfield><subfield code="2">uzb-UG</subfield></datafield><datafield ind1=" " ind2=" " tag="690"><subfield code="a">1500-</subfield><subfield code="2">uzb-UG</subfield></datafield><datafield ind1=" " ind2=" " tag="690"><subfield code="a">Kulturgeschichte</subfield><subfield code="2">uzb-UG</subfield></datafield><datafield ind1=" " ind2=" " tag="690"><subfield code="a">Sozialgeschichte</subfield><subfield code="2">uzb-UG</subfield></datafield><datafield ind1=" " ind2=" " tag="690"><subfield code="a">NORDISTIK</subfield><subfield code="2">uzb-UG</subfield></datafield><datafield ind1="1" ind2=" " tag="700"><subfield code="a">Boyer, Régis</subfield><subfield code="d">1932-2017</subfield><subfield code="0">(DE-588)120383144</subfield><subfield code="6">880-02</subfield></datafield><datafield ind1="1" ind2=" " tag="880"><subfield code="6">700-02</subfield><subfield code="a">Boyer, Régis</subfield><subfield code="d">1932-2017</subfield><subfield code="0">(IDREF)026748886</subfield></datafield><datafield ind1="1" ind2=" " tag="700"><subfield code="a">Fournier, Vincent</subfield><subfield code="d">1931-</subfield><subfield code="0">(RERO)A027127556</subfield></datafield><datafield ind1=" " ind2=" " tag="961"><subfield code="2">gsi</subfield><subfield code="a">948</subfield><subfield code="9">LOCAL</subfield></datafield></record>
</metadata></record>