<record><header><identifier>oai:alma.41SLSP_UGE:991000792619705502</identifier><datestamp>2023-03-01T01:09:42Z</datestamp><setSpec>uge_bcen_RapidILL_BOOK</setSpec><setSpec>uge_aaca_RapidILL_BOOK</setSpec><setSpec>uge_abels_RapidILL_BOOK</setSpec><setSpec>uge_dbu_RapidILL_BOOK</setSpec><setSpec>uge_cmu_RapidILL_BOOK</setSpec><setSpec>uge_mail_RapidILL_BOOK</setSpec><setSpec>UNIGE_ALL</setSpec><setSpec>uge_abbat_RapidILL_BOOK</setSpec><setSpec>uge_aobs_RapidILL_BOOK</setSpec><setSpec>uge_acar_RapidILL_BOOK</setSpec></header><metadata>
<record xmlns="http://www.loc.gov/MARC21/slim" xmlns:xsi="http://www.w3.org/2001/XMLSchema-instance" xsi:schemaLocation="http://www.loc.gov/MARC21/slim http://www.loc.gov/standards/marcxml/schema/MARC21slim.xsd"><leader>02256nam a2200529 c 4500</leader><controlfield tag="001">991000792619705502</controlfield><controlfield tag="005">20230204200059.0</controlfield><controlfield tag="008">201012s1996    fr ||||| |||| 10| ||fre d</controlfield><datafield ind1=" " ind2=" " tag="020"><subfield code="a">2863771329</subfield></datafield><datafield ind1=" " ind2=" " tag="035"><subfield code="a">(swissbib)240534530-41slsp_network</subfield></datafield><datafield ind1=" " ind2=" " tag="035"><subfield code="a">240534530</subfield><subfield code="9">ExL</subfield></datafield><datafield ind1=" " ind2=" " tag="035"><subfield code="a">(RERO)R214141560-41slsp</subfield></datafield><datafield ind1=" " ind2=" " tag="035"><subfield code="a">(IDSBB)001547381DSV01</subfield></datafield><datafield ind1=" " ind2=" " tag="035"><subfield code="a">(NEBIS)009935449EBI01</subfield></datafield><datafield ind1=" " ind2=" " tag="035"><subfield code="a">(EXLNZ-41SLSP_NETWORK)991047227459705501</subfield></datafield><datafield ind1=" " ind2=" " tag="040"><subfield code="a">RERO labcud</subfield><subfield code="d">CH-ZuSLS</subfield></datafield><datafield ind1="0" ind2=" " tag="041"><subfield code="a">eng</subfield><subfield code="a">fre</subfield><subfield code="a">ita</subfield></datafield><datafield ind1=" " ind2="7" tag="072"><subfield code="a">hm</subfield><subfield code="2">rero</subfield></datafield><datafield ind1=" " ind2="7" tag="072"><subfield code="a">kh</subfield><subfield code="2">SzZuIDS BS/BE</subfield></datafield><datafield ind1=" " ind2="7" tag="072"><subfield code="a">ng</subfield><subfield code="2">SzZuIDS BS/BE</subfield></datafield><datafield ind1="1" ind2="4" tag="082"><subfield code="a">900</subfield><subfield code="2">15</subfield></datafield><datafield ind1=" " ind2=" " tag="084"><subfield code="a">9,10</subfield><subfield code="2">ssgn</subfield></datafield><datafield ind1=" " ind2=" " tag="084"><subfield code="a">LH 70120</subfield><subfield code="2">rvk</subfield></datafield><datafield ind1="0" ind2="0" tag="245"><subfield code="a">&lt;&lt;L'&gt;&gt;image</subfield><subfield code="b">fonctions et usages des images dans l'Occident médiéval : actes du 6e &quot;International Workshop on medieval societies&quot;, Centre Ettore Majorana (Erice, Sicile, 17-23 octobre 1992)</subfield><subfield code="c">sous la dir. de Jérôme Baschet et Jean-Claude Schmitt</subfield></datafield><datafield ind1=" " ind2="1" tag="264"><subfield code="a">Paris</subfield><subfield code="b">Le Léopard d'Or</subfield><subfield code="c">1996</subfield></datafield><datafield ind1=" " ind2=" " tag="300"><subfield code="a">310 p.</subfield><subfield code="b">ill. en noir</subfield><subfield code="c">24 cm</subfield></datafield><datafield ind1=" " ind2=" " tag="336"><subfield code="b">txt</subfield><subfield code="2">rdacontent</subfield></datafield><datafield ind1=" " ind2=" " tag="337"><subfield code="b">n</subfield><subfield code="2">rdamedia</subfield></datafield><datafield ind1=" " ind2=" " tag="338"><subfield code="b">nc</subfield><subfield code="2">rdacarrier</subfield></datafield><datafield ind1="1" ind2=" " tag="490"><subfield code="a">Cahiers du Léopard d'Or</subfield><subfield code="v">5</subfield></datafield><datafield ind1=" " ind2=" " tag="500"><subfield code="a">Actes du 6e &quot;International Workshop on medieval societies&quot;, Centre Ettore Majorana (Erice, Sicile, 17-23 octobre 1992)</subfield></datafield><datafield ind1=" " ind2="7" tag="650"><subfield code="a">Moyen âge</subfield><subfield code="0">(IDREF)027329917</subfield><subfield code="2">idref</subfield></datafield><datafield ind1=" " ind2="7" tag="650"><subfield code="a">Illustrations</subfield><subfield code="0">(IDREF)027791785</subfield><subfield code="2">idref</subfield></datafield><datafield ind1=" " ind2="7" tag="650"><subfield code="a">Bild</subfield><subfield code="y">Geschichte Mittelalter</subfield><subfield code="v">Kongressbericht</subfield><subfield code="2">idsbb</subfield></datafield><datafield ind1=" " ind2="7" tag="651"><subfield code="a">Occident</subfield><subfield code="0">(IDREF)097857300</subfield><subfield code="2">idref</subfield></datafield><datafield ind1=" " ind2="7" tag="655"><subfield code="a">Actes de congrès</subfield><subfield code="0">(IDREF)02886431X</subfield><subfield code="2">idref</subfield></datafield><datafield ind1=" " ind2="7" tag="655"><subfield code="a">Konferenzschrift</subfield><subfield code="z">Erice</subfield><subfield code="y">1992</subfield><subfield code="2">gnd-content</subfield></datafield><datafield ind1=" " ind2=" " tag="690"><subfield code="a">Bild. Mittelalter</subfield><subfield code="2">uzb-US</subfield></datafield><datafield ind1=" " ind2=" " tag="690"><subfield code="a">Kongress. Italien. Erice</subfield><subfield code="2">uzb-US</subfield></datafield><datafield ind1="1" ind2=" " tag="700"><subfield code="a">Schmitt, Jean-Claude</subfield><subfield code="c">historien</subfield><subfield code="d">1946-....</subfield><subfield code="0">(IDREF)027127133</subfield></datafield><datafield ind1="1" ind2=" " tag="700"><subfield code="a">Baschet, Jérôme</subfield><subfield code="d">1960-</subfield><subfield code="0">(DE-588)136699022</subfield><subfield code="6">880-03</subfield></datafield><datafield ind1="1" ind2=" " tag="880"><subfield code="6">700-03</subfield><subfield code="a">Baschet, Jérôme</subfield><subfield code="d">1960-....</subfield><subfield code="0">(IDREF)031193447</subfield></datafield><datafield ind1="2" ind2=" " tag="710"><subfield code="a">Centre Ettore Majorana</subfield></datafield><datafield ind1="2" ind2=" " tag="711"><subfield code="a">International Workshop on Medieval Societies</subfield><subfield code="0">(DE-588)1091671222</subfield></datafield><datafield ind1="2" ind2=" " tag="711"><subfield code="a">International Workshop on Medieval Societies</subfield></datafield><datafield ind1="2" ind2=" " tag="711"><subfield code="a">International Workshop on Medieval Societies</subfield><subfield code="n">6</subfield><subfield code="d">1992</subfield><subfield code="c">Erice</subfield><subfield code="0">(RERO)A012356743</subfield></datafield><datafield ind1=" " ind2=" " tag="830"><subfield code="a">Cahiers du Léopard d'Or</subfield><subfield code="v">5</subfield><subfield code="w">(RERO)1220716-41slsp</subfield></datafield><datafield ind1=" " ind2=" " tag="900"><subfield code="a">REROnoselfmerge</subfield></datafield><datafield ind1=" " ind2=" " tag="993"><subfield code="a">BFLA 6725/5</subfield><subfield code="x">ge/ulha/a/98/0421</subfield><subfield code="9">LOCAL</subfield></datafield></record>
</metadata></record>