<record><header><identifier>oai:alma.41SLSP_UGE:991000792099705502</identifier><datestamp>2023-11-02T02:25:38Z</datestamp><setSpec>uge_bcen_RapidILL_BOOK</setSpec><setSpec>uge_aaca_RapidILL_BOOK</setSpec><setSpec>uge_abels_RapidILL_BOOK</setSpec><setSpec>uge_dbu_RapidILL_BOOK</setSpec><setSpec>uge_cmu_RapidILL_BOOK</setSpec><setSpec>uge_mail_RapidILL_BOOK</setSpec><setSpec>uge_abbat_RapidILL_BOOK</setSpec><setSpec>UNIGE_ALL</setSpec><setSpec>uge_acar_RapidILL_BOOK</setSpec><setSpec>uge_aobs_RapidILL_BOOK</setSpec></header><metadata>
<record xmlns="http://www.loc.gov/MARC21/slim" xmlns:xsi="http://www.w3.org/2001/XMLSchema-instance" xsi:schemaLocation="http://www.loc.gov/MARC21/slim http://www.loc.gov/standards/marcxml/schema/MARC21slim.xsd"><leader>02151nam a2200541 c 4500</leader><controlfield tag="001">991000792099705502</controlfield><controlfield tag="005">20230619202130.0</controlfield><controlfield tag="008">201011s2005    inu           00| | eng| </controlfield><datafield ind1=" " ind2=" " tag="010"><subfield code="a">2005004933</subfield></datafield><datafield ind1=" " ind2=" " tag="020"><subfield code="a">0268023646</subfield><subfield code="q">alk. paper</subfield></datafield><datafield ind1=" " ind2=" " tag="020"><subfield code="a">0268023654</subfield><subfield code="q">pbk. : alk. paper</subfield></datafield><datafield ind1=" " ind2=" " tag="035"><subfield code="a">(swissbib)215039793-41slsp_network</subfield></datafield><datafield ind1=" " ind2=" " tag="035"><subfield code="a">215039793</subfield><subfield code="9">ExL</subfield></datafield><datafield ind1=" " ind2=" " tag="035"><subfield code="a">(NEBIS)004938220EBI01</subfield></datafield><datafield ind1=" " ind2=" " tag="035"><subfield code="a">(RERO)R004606980-41slsp</subfield></datafield><datafield ind1=" " ind2=" " tag="035"><subfield code="a">(IDSBB)003780160DSV01</subfield></datafield><datafield ind1=" " ind2=" " tag="035"><subfield code="a">(EXLNZ-41SLSP_NETWORK)991030478559705501</subfield></datafield><datafield ind1=" " ind2=" " tag="040"><subfield code="a">DLC</subfield><subfield code="d">CH-ZuSLS</subfield></datafield><datafield ind1=" " ind2=" " tag="050"><subfield code="a">BR65.A316</subfield><subfield code="b">C64 2005</subfield></datafield><datafield ind1=" " ind2="7" tag="072"><subfield code="a">an</subfield><subfield code="2">rero</subfield></datafield><datafield ind1=" " ind2="7" tag="072"><subfield code="a">th</subfield><subfield code="2">SzZuIDS BS/BE</subfield></datafield><datafield ind1="0" ind2="0" tag="082"><subfield code="a">241/.0414</subfield></datafield><datafield ind1="1" ind2=" " tag="100"><subfield code="a">Colish, Marcia L.</subfield><subfield code="d">1937-</subfield><subfield code="0">(DE-588)11532724X</subfield><subfield code="6">880-01</subfield></datafield><datafield ind1="1" ind2=" " tag="880"><subfield code="6">100-01</subfield><subfield code="a">Colish, Marcia L.</subfield><subfield code="d">1937-....</subfield><subfield code="0">(IDREF)028471008</subfield><subfield code="4">cre</subfield></datafield><datafield ind1="1" ind2="0" tag="245"><subfield code="a">Ambrose's patriarchs</subfield><subfield code="b">ethics for the common man</subfield><subfield code="c">Marcia L. Colish</subfield></datafield><datafield ind1=" " ind2="1" tag="264"><subfield code="a">Notre Dame, Ind.</subfield><subfield code="b">University of Notre Dame Press</subfield><subfield code="c">[2005]</subfield></datafield><datafield ind1=" " ind2="4" tag="264"><subfield code="c">© 2005</subfield></datafield><datafield ind1=" " ind2=" " tag="300"><subfield code="a">viii, 193 p.</subfield><subfield code="c">24 cm</subfield></datafield><datafield ind1=" " ind2=" " tag="336"><subfield code="b">txt</subfield><subfield code="2">rdacontent</subfield></datafield><datafield ind1=" " ind2=" " tag="337"><subfield code="b">n</subfield><subfield code="2">rdamedia</subfield></datafield><datafield ind1=" " ind2=" " tag="338"><subfield code="b">nc</subfield><subfield code="2">rdacarrier</subfield></datafield><datafield ind1=" " ind2=" " tag="504"><subfield code="a">Includes bibliographical references (p. 159-175) and index</subfield></datafield><datafield ind1="0" ind2=" " tag="505"><subfield code="a">Assessments of Ambrose -- Why the patriarchs? -- Human nature in the patriarch treatises -- Abraham -- Isaac -- Jacob -- Joseph</subfield></datafield><datafield ind1="0" ind2="7" tag="600"><subfield code="a">Ambrosius (von Mailand)</subfield><subfield code="2">idszbz</subfield></datafield><datafield ind1="0" ind2="0" tag="600"><subfield code="a">Ambrose</subfield><subfield code="c">Saint, Bishop of Milan</subfield><subfield code="d">ca. 340-397</subfield><subfield code="x">Ethics</subfield></datafield><datafield ind1="0" ind2="0" tag="600"><subfield code="a">Ambrose</subfield><subfield code="c">Saint, Bishop of Milan</subfield><subfield code="d">-397</subfield></datafield><datafield ind1="0" ind2="0" tag="600"><subfield code="a">Ambrose</subfield><subfield code="c">Saint, Bishop of Milan</subfield><subfield code="d">-397</subfield><subfield code="x">Ethics</subfield></datafield><datafield ind1="0" ind2="0" tag="600"><subfield code="a">Ambrose</subfield><subfield code="c">Saint, Bishop of Milan</subfield><subfield code="d">d. 397</subfield><subfield code="x">Ethics</subfield></datafield><datafield ind1="0" ind2="7" tag="600"><subfield code="a">Ambroise</subfield><subfield code="c">saint</subfield><subfield code="d">0340?-0397</subfield><subfield code="0">(IDREF)026684217</subfield><subfield code="2">idref</subfield></datafield><datafield ind1="0" ind2="7" tag="600"><subfield code="a">Ambrosius</subfield><subfield code="c">Mediolanensis</subfield><subfield code="2">idsbb</subfield></datafield><datafield ind1="0" ind2="7" tag="630"><subfield code="a">Bible</subfield><subfield code="p">AT</subfield><subfield code="p">Genèse</subfield><subfield code="0">(RERO)A009967352</subfield><subfield code="2">rero</subfield></datafield><datafield ind1="0" ind2="7" tag="630"><subfield code="a">Patriarchenerzählung</subfield><subfield code="0">(DE-588)4134758-4</subfield><subfield code="2">gnd</subfield></datafield><datafield ind1=" " ind2="7" tag="650"><subfield code="a">Christliche Ethik</subfield><subfield code="2">idszbz</subfield></datafield><datafield ind1=" " ind2="7" tag="650"><subfield code="a">Erzväter</subfield><subfield code="2">idszbz</subfield></datafield><datafield ind1=" " ind2="7" tag="650"><subfield code="a">patriarche (Bible)</subfield><subfield code="0">(RERO)A010129169</subfield><subfield code="2">rerovoc</subfield></datafield><datafield ind1=" " ind2="7" tag="650"><subfield code="a">Exégèse</subfield><subfield code="0">(IDREF)027791114</subfield><subfield code="2">idref</subfield></datafield><datafield ind1=" " ind2="0" tag="650"><subfield code="a">Christian ethics</subfield></datafield><datafield ind1=" " ind2="0" tag="650"><subfield code="a">Patriarchs (Bible)</subfield></datafield><datafield ind1=" " ind2=" " tag="900"><subfield code="a">IDSZ2zbzmon200507f</subfield><subfield code="c">IDSZ2werm</subfield><subfield code="d">IDSZ2zbzswk200507b</subfield><subfield code="e">IDSZ2haag</subfield></datafield></record>
</metadata></record>