<record><header><identifier>oai:alma.41SLSP_UGE:991000792389705502</identifier><datestamp>2023-03-01T01:09:42Z</datestamp><setSpec>uge_cmu_RapidILL_JOURNAL</setSpec><setSpec>uge_aobs_RapidILL_JOURNAL</setSpec><setSpec>uge_aaca_RapidILL_JOURNAL</setSpec><setSpec>uge_bcen_RapidILL_JOURNAL</setSpec><setSpec>uge_abbat_RapidILL_JOURNAL</setSpec><setSpec>uge_dbu_RapidILL_JOURNAL</setSpec><setSpec>uge_mail_RapidILL_JOURNAL</setSpec><setSpec>UNIGE_ALL</setSpec><setSpec>uge_abels_RapidILL_JOURNAL</setSpec><setSpec>uge_acar_RapidILL_JOURNAL</setSpec></header><metadata>
<record xmlns="http://www.loc.gov/MARC21/slim" xmlns:xsi="http://www.w3.org/2001/XMLSchema-instance" xsi:schemaLocation="http://www.loc.gov/MARC21/slim http://www.loc.gov/standards/marcxml/schema/MARC21slim.xsd"><leader>03039nas a2200685 c 4500</leader><controlfield tag="001">991000792389705502</controlfield><controlfield tag="005">20220222105906.0</controlfield><controlfield tag="008">201011d19591993xxu|| p|  ||| 0    0eng d</controlfield><datafield ind1=" " ind2=" " tag="022"><subfield code="a">0003-0805</subfield></datafield><datafield ind1=" " ind2=" " tag="035"><subfield code="a">(swissbib)215615182-41slsp_network</subfield></datafield><datafield ind1=" " ind2=" " tag="035"><subfield code="a">215615182</subfield><subfield code="9">ExL</subfield></datafield><datafield ind1=" " ind2=" " tag="035"><subfield code="a">(RERO)0651184-41slsp</subfield></datafield><datafield ind1=" " ind2=" " tag="035"><subfield code="a">(NEBIS)001003496EBI01</subfield></datafield><datafield ind1=" " ind2=" " tag="035"><subfield code="a">(IDSBB)000011448DSV01</subfield></datafield><datafield ind1=" " ind2=" " tag="035"><subfield code="a">(EXLNZ-41SLSP_NETWORK)991049806449705501</subfield></datafield><datafield ind1=" " ind2=" " tag="040"><subfield code="a">RERO geudbu</subfield><subfield code="d">CH-ZuSLS</subfield></datafield><datafield ind1=" " ind2="7" tag="072"><subfield code="a">me</subfield><subfield code="2">rero</subfield></datafield><datafield ind1=" " ind2="7" tag="072"><subfield code="a">me</subfield><subfield code="2">SzZuIDS BS/BE</subfield></datafield><datafield ind1="1" ind2="4" tag="082"><subfield code="a">610</subfield><subfield code="2">15</subfield></datafield><datafield ind1="0" ind2=" " tag="210"><subfield code="a">Am Rev Respir Dis</subfield></datafield><datafield ind1="0" ind2="0" tag="245"><subfield code="a">&lt;&lt;The&gt;&gt; American review of respiratory diseases</subfield><subfield code="b">official journal of the American Thoracic Society, Medical Section of the American Lung Association</subfield></datafield><datafield ind1="1" ind2=" " tag="246"><subfield code="i">Abweichender Titel bis vol. 93 (1966)</subfield><subfield code="a">American review of respiratory diseases</subfield></datafield><datafield ind1="1" ind2="3" tag="246"><subfield code="a">Am-Rev-Respir-Dis</subfield></datafield><datafield ind1=" " ind2="1" tag="264"><subfield code="a">New York</subfield><subfield code="b">American Thoracic Society</subfield></datafield><datafield ind1=" " ind2=" " tag="300"><subfield code="c">26 cm</subfield></datafield><datafield ind1=" " ind2=" " tag="310"><subfield code="a">Mensuel</subfield></datafield><datafield ind1=" " ind2=" " tag="336"><subfield code="b">txt</subfield><subfield code="2">rdacontent</subfield></datafield><datafield ind1=" " ind2=" " tag="337"><subfield code="b">n</subfield><subfield code="2">rdamedia</subfield></datafield><datafield ind1=" " ind2=" " tag="338"><subfield code="b">nc</subfield><subfield code="2">rdacarrier</subfield></datafield><datafield ind1="0" ind2=" " tag="362"><subfield code="a">Vol. 80(1959) - vol. 148(1993)</subfield></datafield><datafield ind1=" " ind2=" " tag="500"><subfield code="a">Le sous-titre varie</subfield></datafield><datafield ind1=" " ind2=" " tag="500"><subfield code="a">Hrsg. anfangs: American Trudeau Society</subfield></datafield><datafield ind1=" " ind2=" " tag="500"><subfield code="a">Index: 99/118 (1969/78)</subfield></datafield><datafield ind1=" " ind2=" " tag="500"><subfield code="a">Vol. 127(1983) mit Annual Meeting Suppl</subfield></datafield><datafield ind1=" " ind2=" " tag="500"><subfield code="a">Vol. 128(1983) mit Suppl</subfield></datafield><datafield ind1=" " ind2=" " tag="500"><subfield code="a">Five year cumulative index Vol. 119(1979)-128(1983) / prep. by Arnold Aberman. - 1983</subfield></datafield><datafield ind1=" " ind2=" " tag="580"><subfield code="a">Fait suite à: American review of tuberculosis and pulmonary diseases. Devient: American journal of respiratory and critical care medicine</subfield></datafield><datafield ind1=" " ind2=" " tag="580"><subfield code="a">A pour suppl.: Annual meeting / American Thoracic Society. Contient: American review of respiratory diseases. Abstracts</subfield></datafield><datafield ind1=" " ind2="2" tag="650"><subfield code="a">Pulmonary Disease (Specialty)</subfield></datafield><datafield ind1=" " ind2="7" tag="650"><subfield code="a">Atmungsorgan</subfield><subfield code="2">idszbz</subfield></datafield><datafield ind1=" " ind2="7" tag="650"><subfield code="a">Krankheit</subfield><subfield code="2">idszbz</subfield></datafield><datafield ind1=" " ind2="7" tag="650"><subfield code="a">Lungenkrankheit</subfield><subfield code="2">idszbz</subfield></datafield><datafield ind1=" " ind2="7" tag="650"><subfield code="a">Tuberkulose</subfield><subfield code="v">Zeitschrift</subfield><subfield code="2">idsbb</subfield></datafield><datafield ind1=" " ind2="7" tag="650"><subfield code="a">Atemwegskrankheit</subfield><subfield code="v">Zeitschrift</subfield><subfield code="2">idsbb</subfield></datafield><datafield ind1=" " ind2="2" tag="655"><subfield code="a">Periodical</subfield></datafield><datafield ind1=" " ind2="7" tag="655"><subfield code="a">Zeitschrift</subfield><subfield code="2">idszbz</subfield></datafield><datafield ind1=" " ind2="7" tag="655"><subfield code="a">Zeitschrift</subfield><subfield code="2">gnd-content</subfield></datafield><datafield ind1=" " ind2=" " tag="690"><subfield code="a">Lunge</subfield><subfield code="2">uzb-UU</subfield></datafield><datafield ind1="1" ind2=" " tag="700"><subfield code="a">Aberman, Arnold</subfield></datafield><datafield ind1="2" ind2=" " tag="710"><subfield code="a">American Trudeau Society</subfield><subfield code="0">(DE-588)40634-X</subfield></datafield><datafield ind1="2" ind2=" " tag="710"><subfield code="a">American Lung Association</subfield><subfield code="0">(IDREF)055477259</subfield></datafield><datafield ind1="2" ind2=" " tag="710"><subfield code="a">American Thoracic Society</subfield><subfield code="6">880-03</subfield><subfield code="0">(DE-588)40635-1</subfield></datafield><datafield ind1="2" ind2=" " tag="880"><subfield code="6">710-03</subfield><subfield code="a">American thoracic society</subfield><subfield code="0">(IDREF)030032229</subfield></datafield><datafield ind1="0" ind2="8" tag="776"><subfield code="i">Erscheint auch als</subfield><subfield code="n">Online-Ausgabe</subfield><subfield code="t">American review of respiratory disease</subfield><subfield code="x">2376-3752</subfield></datafield><datafield ind1="0" ind2="0" tag="780"><subfield code="t">American review of tuberculosis and pulmonary diseases</subfield><subfield code="w">(NEBIS)001005668EBI01</subfield></datafield><datafield ind1="0" ind2="0" tag="785"><subfield code="t">American journal of respiratory and critical care medicine : an official journal of the American Thoracic Society, medical section of the American Lung Association</subfield><subfield code="w">(RERO)1833891-41slsp</subfield></datafield><datafield ind1="0" ind2="0" tag="780"><subfield code="t">American review of tuberculosis and pulmonary diseases</subfield><subfield code="w">(IDSBB)000011450DSV01</subfield></datafield><datafield ind1="0" ind2=" " tag="777"><subfield code="t">American review of respiratory diseases</subfield></datafield><datafield ind1="0" ind2=" " tag="770"><subfield code="t">Annual meeting / American Thoracic Society</subfield><subfield code="w">(RERO)1617907-41slsp</subfield></datafield><datafield ind1=" " ind2=" " tag="900"><subfield code="a">REROnoselfmerge</subfield></datafield><datafield ind1=" " ind2=" " tag="900"><subfield code="a">NEBISnoselfmerge</subfield></datafield></record>
</metadata></record>