<record><header><identifier>oai:alma.41SLSP_UGE:991000792909705502</identifier><datestamp>2023-03-01T01:09:42Z</datestamp><setSpec>uge_bcen_RapidILL_BOOK</setSpec><setSpec>uge_aaca_RapidILL_BOOK</setSpec><setSpec>uge_abels_RapidILL_BOOK</setSpec><setSpec>uge_dbu_RapidILL_BOOK</setSpec><setSpec>uge_cmu_RapidILL_BOOK</setSpec><setSpec>uge_mail_RapidILL_BOOK</setSpec><setSpec>UNIGE_ALL</setSpec><setSpec>uge_abbat_RapidILL_BOOK</setSpec><setSpec>uge_aobs_RapidILL_BOOK</setSpec><setSpec>uge_acar_RapidILL_BOOK</setSpec></header><metadata>
<record xmlns="http://www.loc.gov/MARC21/slim" xmlns:xsi="http://www.w3.org/2001/XMLSchema-instance" xsi:schemaLocation="http://www.loc.gov/MARC21/slim http://www.loc.gov/standards/marcxml/schema/MARC21slim.xsd"><leader>00976nam a2200277 c 4500</leader><controlfield tag="001">991000792909705502</controlfield><controlfield tag="005">20201225191327.0</controlfield><controlfield tag="008">910909s1990    ag ||||| |||| 00| ||spa d</controlfield><datafield ind1=" " ind2=" " tag="020"><subfield code="a">9506020302</subfield></datafield><datafield ind1=" " ind2=" " tag="035"><subfield code="a">(swissbib)085871397-41slsp_network</subfield></datafield><datafield ind1=" " ind2=" " tag="035"><subfield code="a">085871397</subfield><subfield code="9">ExL</subfield></datafield><datafield ind1=" " ind2=" " tag="035"><subfield code="a">(RERO)1424874-41slsp</subfield></datafield><datafield ind1=" " ind2=" " tag="035"><subfield code="a">(EXLNZ-41SLSP_NETWORK)991131477119705501</subfield></datafield><datafield ind1=" " ind2=" " tag="040"><subfield code="a">RERO geufpe</subfield><subfield code="d">CH-ZuSLS</subfield></datafield><datafield ind1=" " ind2="7" tag="072"><subfield code="a">ps</subfield><subfield code="2">rero</subfield></datafield><datafield ind1="1" ind2=" " tag="100"><subfield code="a">Pichon-Rivière, Enrique</subfield><subfield code="0">(RERO)A003692381</subfield><subfield code="4">cre</subfield></datafield><datafield ind1="1" ind2="0" tag="245"><subfield code="a">&lt;&lt;El&gt;&gt; proceso creador</subfield><subfield code="c">Enrique Pichon-Rivière</subfield></datafield><datafield ind1=" " ind2="1" tag="264"><subfield code="a">Buenos Aires</subfield><subfield code="b">Ed. Nueva visión</subfield><subfield code="c">1990</subfield></datafield><datafield ind1=" " ind2=" " tag="300"><subfield code="a">99 p.</subfield><subfield code="c">20 cm</subfield></datafield><datafield ind1=" " ind2=" " tag="336"><subfield code="b">txt</subfield><subfield code="2">rdacontent</subfield></datafield><datafield ind1=" " ind2=" " tag="337"><subfield code="b">n</subfield><subfield code="2">rdamedia</subfield></datafield><datafield ind1=" " ind2=" " tag="338"><subfield code="b">nc</subfield><subfield code="2">rdacarrier</subfield></datafield><datafield ind1="1" ind2=" " tag="490"><subfield code="a">Del psicoanálisis a la psicología social / Enrique Pichon-Rivière</subfield><subfield code="v">3</subfield></datafield><datafield ind1="1" ind2=" " tag="490"><subfield code="a">Psicología contemporánea</subfield><subfield code="v">no 587</subfield></datafield><datafield ind1=" " ind2="0" tag="830"><subfield code="a">Psicología contemporánea</subfield><subfield code="v">587</subfield></datafield><datafield ind1="1" ind2=" " tag="800"><subfield code="a">Pichon-Rivière, Enrique</subfield><subfield code="t">Del psicoanálisis a la psicología social</subfield><subfield code="v">3</subfield><subfield code="w">(RERO)1424855-41slsp</subfield></datafield><datafield ind1=" " ind2=" " tag="900"><subfield code="a">REROnoselfmerge</subfield></datafield></record>
</metadata></record>