<record><header><identifier>oai:alma.41SLSP_UGE:991000792179705502</identifier><datestamp>2023-03-01T01:09:42Z</datestamp><setSpec>uge_bcen_RapidILL_BOOK</setSpec><setSpec>uge_aaca_RapidILL_BOOK</setSpec><setSpec>uge_abels_RapidILL_BOOK</setSpec><setSpec>uge_dbu_RapidILL_BOOK</setSpec><setSpec>uge_cmu_RapidILL_BOOK</setSpec><setSpec>uge_mail_RapidILL_BOOK</setSpec><setSpec>UNIGE_ALL</setSpec><setSpec>uge_abbat_RapidILL_BOOK</setSpec><setSpec>uge_acar_RapidILL_BOOK</setSpec><setSpec>uge_aobs_RapidILL_BOOK</setSpec></header><metadata>
<record xmlns="http://www.loc.gov/MARC21/slim" xmlns:xsi="http://www.w3.org/2001/XMLSchema-instance" xsi:schemaLocation="http://www.loc.gov/MARC21/slim http://www.loc.gov/standards/marcxml/schema/MARC21slim.xsd"><leader>01599nam a2200385 c 4500</leader><controlfield tag="001">991000792179705502</controlfield><controlfield tag="005">20230207215703.0</controlfield><controlfield tag="008">201022s1991    it ||||| |||| 00| ||ita d</controlfield><datafield ind1=" " ind2=" " tag="019"><subfield code="a">Notizia convertita da VTLS</subfield><subfield code="5">SBT/2004 / SBTs</subfield></datafield><datafield ind1=" " ind2=" " tag="020"><subfield code="a">8822110099</subfield></datafield><datafield ind1=" " ind2=" " tag="035"><subfield code="a">(swissbib)252470788-41slsp_network</subfield></datafield><datafield ind1=" " ind2=" " tag="035"><subfield code="a">252470788</subfield><subfield code="9">ExL</subfield></datafield><datafield ind1=" " ind2=" " tag="035"><subfield code="a">(RERO)1614031-41slsp</subfield></datafield><datafield ind1=" " ind2=" " tag="035"><subfield code="a">(SBT)000346097SBT01</subfield></datafield><datafield ind1=" " ind2=" " tag="035"><subfield code="a">(EXLNZ-41SLSP_NETWORK)991082347089705501</subfield></datafield><datafield ind1=" " ind2=" " tag="040"><subfield code="a">RERO geulit</subfield><subfield code="d">CH-ZuSLS</subfield></datafield><datafield ind1=" " ind2="7" tag="072"><subfield code="a">lg</subfield><subfield code="2">rero</subfield></datafield><datafield ind1=" " ind2="7" tag="072"><subfield code="a">pe</subfield><subfield code="2">rero</subfield></datafield><datafield ind1="0" ind2="0" tag="245"><subfield code="a">&lt;&lt;La&gt;&gt; centralità del testo nelle pratiche didattiche</subfield><subfield code="c">a cura di Paola Desideri</subfield></datafield><datafield ind1=" " ind2="1" tag="264"><subfield code="a">Firenze</subfield><subfield code="b">La Nuova Italia</subfield><subfield code="c">1991</subfield></datafield><datafield ind1=" " ind2=" " tag="300"><subfield code="a">143 p.</subfield><subfield code="c">21 cm</subfield></datafield><datafield ind1=" " ind2=" " tag="336"><subfield code="b">txt</subfield><subfield code="2">rdacontent</subfield></datafield><datafield ind1=" " ind2=" " tag="337"><subfield code="b">n</subfield><subfield code="2">rdamedia</subfield></datafield><datafield ind1=" " ind2=" " tag="338"><subfield code="b">nc</subfield><subfield code="2">rdacarrier</subfield></datafield><datafield ind1="1" ind2=" " tag="490"><subfield code="a">Quaderni del Giscel</subfield><subfield code="v">10</subfield></datafield><datafield ind1="1" ind2=" " tag="490"><subfield code="a">Didattica viva</subfield><subfield code="v">196</subfield></datafield><datafield ind1=" " ind2=" " tag="500"><subfield code="a">Raccoglie gli atti del primo Incontro di studio del GISCEL (Gruppi di intervento e di studio nel campo dell'educazione linguistica), tenutosi a Urbino, 22-23 ottobre 1988</subfield></datafield><datafield ind1=" " ind2="7" tag="650"><subfield code="a">Analyse du discours</subfield><subfield code="0">(IDREF)18911052X</subfield><subfield code="2">idref</subfield></datafield><datafield ind1=" " ind2="7" tag="650"><subfield code="a">Didactique</subfield><subfield code="0">(IDREF)032249187</subfield><subfield code="2">idref</subfield></datafield><datafield ind1=" " ind2="7" tag="650"><subfield code="a">Lingua italiana</subfield><subfield code="x">Insegnamento</subfield><subfield code="2">sbt12</subfield></datafield><datafield ind1=" " ind2="7" tag="655"><subfield code="a">[Études diverses]</subfield><subfield code="0">(RERO)A022249905</subfield><subfield code="2">rero</subfield></datafield><datafield ind1="1" ind2=" " tag="700"><subfield code="a">Desideri, Paola</subfield><subfield code="d">1950-2021</subfield><subfield code="0">(IDREF)028576950</subfield></datafield><datafield ind1="2" ind2=" " tag="710"><subfield code="a">Gruppi di Intervento e di Studio nel Campo dell'Educazione Linguistica (Padova)</subfield><subfield code="b">Incontro di studio</subfield></datafield><datafield ind1=" " ind2="0" tag="830"><subfield code="a">Quaderni dei Gruppi di intervento e di studio nel campo dell'educazione linguistica</subfield><subfield code="v">10</subfield></datafield><datafield ind1=" " ind2=" " tag="830"><subfield code="a">Didattica viva</subfield><subfield code="v">196</subfield><subfield code="w">(RERO)0336312-41slsp</subfield></datafield><datafield ind1=" " ind2=" " tag="900"><subfield code="a">REROnoselfmerge</subfield></datafield><datafield ind1=" " ind2=" " tag="993"><subfield code="a">BFLA 59571</subfield><subfield code="x">ge/ulit/a/92/485</subfield><subfield code="9">LOCAL</subfield></datafield></record>
</metadata></record>