<record><header><identifier>oai:alma.41SLSP_UGE:991000792809705502</identifier><datestamp>2023-03-01T01:09:42Z</datestamp><setSpec>uge_bcen_RapidILL_BOOK</setSpec><setSpec>uge_aaca_RapidILL_BOOK</setSpec><setSpec>uge_abels_RapidILL_BOOK</setSpec><setSpec>uge_dbu_RapidILL_BOOK</setSpec><setSpec>uge_cmu_RapidILL_BOOK</setSpec><setSpec>uge_mail_RapidILL_BOOK</setSpec><setSpec>UNIGE_ALL</setSpec><setSpec>uge_abbat_RapidILL_BOOK</setSpec><setSpec>uge_aobs_RapidILL_BOOK</setSpec><setSpec>uge_acar_RapidILL_BOOK</setSpec></header><metadata>
<record xmlns="http://www.loc.gov/MARC21/slim" xmlns:xsi="http://www.w3.org/2001/XMLSchema-instance" xsi:schemaLocation="http://www.loc.gov/MARC21/slim http://www.loc.gov/standards/marcxml/schema/MARC21slim.xsd"><leader>00955nam a2200241 c 4500</leader><controlfield tag="001">991000792809705502</controlfield><controlfield tag="005">20201225180807.0</controlfield><controlfield tag="008">960526s1878    gw ||||| |||| 00| ||ger d</controlfield><datafield ind1=" " ind2=" " tag="035"><subfield code="a">(swissbib)087020270-41slsp_network</subfield></datafield><datafield ind1=" " ind2=" " tag="035"><subfield code="a">087020270</subfield><subfield code="9">ExL</subfield></datafield><datafield ind1=" " ind2=" " tag="035"><subfield code="a">(RERO)1598716-41slsp</subfield></datafield><datafield ind1=" " ind2=" " tag="035"><subfield code="a">(EXLNZ-41SLSP_NETWORK)991013983369705501</subfield></datafield><datafield ind1=" " ind2=" " tag="040"><subfield code="a">RERO</subfield><subfield code="d">CH-ZuSLS</subfield></datafield><datafield ind1=" " ind2="7" tag="072"><subfield code="a">la</subfield><subfield code="2">rero</subfield></datafield><datafield ind1="1" ind2=" " tag="100"><subfield code="a">Nägelsbach, Karl Friedrich von</subfield><subfield code="d">1806-1859</subfield><subfield code="0">(IDREF)086283774</subfield><subfield code="4">cre</subfield></datafield><datafield ind1="1" ind2="0" tag="245"><subfield code="a">Uebungen des lateinischen Stils</subfield><subfield code="b">mit Kommentaren und Hinweisungen auf grammatische und stilistische Werke</subfield><subfield code="c">bearb. von Carl Friedr. von Naegelsbach.</subfield><subfield code="n">Heft 2</subfield><subfield code="p">Für reifere Gymnasialschüler</subfield></datafield><datafield ind1=" " ind2=" " tag="250"><subfield code="a">5., verb. Aufl</subfield></datafield><datafield ind1=" " ind2="1" tag="264"><subfield code="a">Leipzig</subfield><subfield code="b">F. Brandstetter</subfield><subfield code="c">1878</subfield></datafield><datafield ind1=" " ind2=" " tag="300"><subfield code="a">VIII, 135 p.</subfield><subfield code="c">20 cm</subfield></datafield><datafield ind1=" " ind2=" " tag="336"><subfield code="b">txt</subfield><subfield code="2">rdacontent</subfield></datafield><datafield ind1=" " ind2=" " tag="337"><subfield code="b">n</subfield><subfield code="2">rdamedia</subfield></datafield><datafield ind1=" " ind2=" " tag="338"><subfield code="b">nc</subfield><subfield code="2">rdacarrier</subfield></datafield><datafield ind1="1" ind2=" " tag="800"><subfield code="a">Naegelsbach, Karl Friedrich von</subfield><subfield code="t">Uebungen des lateinischen Stils</subfield><subfield code="v">2</subfield><subfield code="w">(RERO)1598695-41slsp</subfield></datafield><datafield ind1=" " ind2=" " tag="900"><subfield code="a">REROnoselfmerge</subfield></datafield></record>
</metadata></record>