<record><header><identifier>oai:alma.41SLSP_UGE:991000792079705502</identifier><datestamp>2023-03-25T01:35:37Z</datestamp><setSpec>uge_bcen_RapidILL_BOOK</setSpec><setSpec>uge_aaca_RapidILL_BOOK</setSpec><setSpec>uge_abels_RapidILL_BOOK</setSpec><setSpec>uge_dbu_RapidILL_BOOK</setSpec><setSpec>uge_cmu_RapidILL_BOOK</setSpec><setSpec>uge_mail_RapidILL_BOOK</setSpec><setSpec>uge_abbat_RapidILL_BOOK</setSpec><setSpec>UNIGE_ALL</setSpec><setSpec>uge_acar_RapidILL_BOOK</setSpec><setSpec>uge_aobs_RapidILL_BOOK</setSpec></header><metadata>
<record xmlns="http://www.loc.gov/MARC21/slim" xmlns:xsi="http://www.w3.org/2001/XMLSchema-instance" xsi:schemaLocation="http://www.loc.gov/MARC21/slim http://www.loc.gov/standards/marcxml/schema/MARC21slim.xsd"><leader>02033nam a2200565 c 4500</leader><controlfield tag="001">991000792079705502</controlfield><controlfield tag="005">20230324210826.0</controlfield><controlfield tag="008">201011s1981    fi ||||| |||| 00| ||eng d</controlfield><datafield ind1=" " ind2=" " tag="020"><subfield code="a">9516786219</subfield></datafield><datafield ind1=" " ind2=" " tag="020"><subfield code="a">9789516786219</subfield></datafield><datafield ind1=" " ind2=" " tag="035"><subfield code="a">(swissbib)228238021-41slsp_network</subfield></datafield><datafield ind1=" " ind2=" " tag="035"><subfield code="a">228238021</subfield><subfield code="9">ExL</subfield></datafield><datafield ind1=" " ind2=" " tag="035"><subfield code="a">(RERO)2103939-41slsp</subfield></datafield><datafield ind1=" " ind2=" " tag="035"><subfield code="a">(NEBIS)003127093EBI01</subfield></datafield><datafield ind1=" " ind2=" " tag="035"><subfield code="a">(OCoLC)186378126</subfield></datafield><datafield ind1=" " ind2=" " tag="035"><subfield code="a">(EXLNZ-41SLSP_NETWORK)991135989739705501</subfield></datafield><datafield ind1=" " ind2=" " tag="040"><subfield code="a">RERO lascl-</subfield><subfield code="d">CH-ZuSLS</subfield></datafield><datafield ind1="1" ind2=" " tag="041"><subfield code="a">eng</subfield><subfield code="h">fin</subfield></datafield><datafield ind1=" " ind2="7" tag="072"><subfield code="a">ps</subfield><subfield code="2">rero</subfield></datafield><datafield ind1="0" ind2="0" tag="082"><subfield code="a">649/.1</subfield><subfield code="2">19</subfield></datafield><datafield ind1=" " ind2=" " tag="084"><subfield code="a">Dofa</subfield><subfield code="2">kssb/5</subfield></datafield><datafield ind1="1" ind2=" " tag="100"><subfield code="a">Hirsjärvi, Sirkka</subfield><subfield code="0">(RERO)A006423837</subfield><subfield code="4">cre</subfield></datafield><datafield ind1="1" ind2="0" tag="245"><subfield code="a">Aspects of consciousness in child rearing</subfield><subfield code="c">Sirkka Hirsjärvi</subfield></datafield><datafield ind1="1" ind2="3" tag="246"><subfield code="a">[Tietoisuuden ongelma kotikasvatuksessa]</subfield></datafield><datafield ind1=" " ind2="1" tag="264"><subfield code="a">Jyväskylä</subfield><subfield code="b">University of Jyväskylä</subfield><subfield code="c">1981</subfield></datafield><datafield ind1=" " ind2=" " tag="300"><subfield code="a">259 S.</subfield><subfield code="b">Ill.</subfield></datafield><datafield ind1=" " ind2=" " tag="336"><subfield code="b">txt</subfield><subfield code="2">rdacontent</subfield></datafield><datafield ind1=" " ind2=" " tag="337"><subfield code="b">n</subfield><subfield code="2">rdamedia</subfield></datafield><datafield ind1=" " ind2=" " tag="338"><subfield code="b">nc</subfield><subfield code="2">rdacarrier</subfield></datafield><datafield ind1="1" ind2=" " tag="490"><subfield code="a">Jyväskylä studies in education, psychology and social research</subfield><subfield code="v">43</subfield></datafield><datafield ind1=" " ind2=" " tag="500"><subfield code="a">Traduit de: Tietoisuuden ongelma kotikasvatuksessa</subfield></datafield><datafield ind1=" " ind2=" " tag="500"><subfield code="a">Diss</subfield></datafield><datafield ind1=" " ind2=" " tag="500"><subfield code="a">Med finsk sammanfattning</subfield></datafield><datafield ind1=" " ind2=" " tag="502"><subfield code="a">Diss. Jyväskylä : Yliop., 1982</subfield></datafield><datafield ind1=" " ind2="7" tag="650"><subfield code="a">Conscience morale</subfield><subfield code="0">(IDREF)027454924</subfield><subfield code="2">idref</subfield></datafield><datafield ind1=" " ind2="7" tag="650"><subfield code="a">Éducation</subfield><subfield code="0">(IDREF)027555100</subfield><subfield code="2">idref</subfield></datafield><datafield ind1=" " ind2="7" tag="650"><subfield code="a">Enfants</subfield><subfield code="0">(IDREF)027233278</subfield><subfield code="2">idref</subfield></datafield><datafield ind1=" " ind2="4" tag="650"><subfield code="a">Barnuppfostran</subfield></datafield><datafield ind1=" " ind2="7" tag="650"><subfield code="a">Bewusstsein</subfield><subfield code="0">(DE-588)4006349-5</subfield><subfield code="2">gnd</subfield></datafield><datafield ind1=" " ind2="7" tag="650"><subfield code="a">Erziehung</subfield><subfield code="0">(DE-588)4015482-8</subfield><subfield code="2">gnd</subfield></datafield><datafield ind1=" " ind2="0" tag="650"><subfield code="a">Child rearing</subfield></datafield><datafield ind1=" " ind2="0" tag="650"><subfield code="a">Consciousness</subfield></datafield><datafield ind1=" " ind2="0" tag="650"><subfield code="a">Humanism</subfield></datafield><datafield ind1=" " ind2="0" tag="650"><subfield code="a">Mother and child</subfield><subfield code="z">Finland</subfield></datafield><datafield ind1=" " ind2="7" tag="655"><subfield code="a">Hochschulschrift</subfield><subfield code="2">gnd-content</subfield></datafield><datafield ind1=" " ind2=" " tag="690"><subfield code="a">Bewusstsein / Verhältnis zu einzelnen Faktoren</subfield><subfield code="2">uzb-Z9</subfield></datafield><datafield ind1=" " ind2=" " tag="690"><subfield code="a">Kinderpsychologie / Einzelne Gebiete und Orte</subfield><subfield code="2">uzb-Z9</subfield></datafield><datafield ind1=" " ind2=" " tag="690"><subfield code="a">Pädagogische Psychologie / Einzelne Fragen / 1980- ersch.</subfield><subfield code="2">uzb-Z9</subfield></datafield><datafield ind1=" " ind2=" " tag="830"><subfield code="a">Jyväskylä studies in education, psychology and social research</subfield><subfield code="v">43</subfield><subfield code="w">(NEBIS)000987025EBI01</subfield></datafield><datafield ind1=" " ind2=" " tag="900"><subfield code="a">REROnoselfmerge</subfield></datafield><datafield ind1=" " ind2=" " tag="900"><subfield code="a">IDSZRMedeaZBZ</subfield></datafield></record>
</metadata></record>