<record><header><identifier>oai:alma.41SLSP_UGE:991000792599705502</identifier><datestamp>2023-03-01T01:09:42Z</datestamp><setSpec>uge_bcen_RapidILL_BOOK</setSpec><setSpec>uge_aaca_RapidILL_BOOK</setSpec><setSpec>uge_abels_RapidILL_BOOK</setSpec><setSpec>uge_dbu_RapidILL_BOOK</setSpec><setSpec>uge_cmu_RapidILL_BOOK</setSpec><setSpec>uge_mail_RapidILL_BOOK</setSpec><setSpec>UNIGE_ALL</setSpec><setSpec>uge_abbat_RapidILL_BOOK</setSpec><setSpec>uge_aobs_RapidILL_BOOK</setSpec><setSpec>uge_acar_RapidILL_BOOK</setSpec></header><metadata>
<record xmlns="http://www.loc.gov/MARC21/slim" xmlns:xsi="http://www.w3.org/2001/XMLSchema-instance" xsi:schemaLocation="http://www.loc.gov/MARC21/slim http://www.loc.gov/standards/marcxml/schema/MARC21slim.xsd"><leader>04937nam a2200625 ca4500</leader><controlfield tag="001">991000792599705502</controlfield><controlfield tag="005">20230127202121.0</controlfield><controlfield tag="008">201012s2011    it ||||| |||| 00| ||ita d</controlfield><datafield ind1=" " ind2=" " tag="020"><subfield code="a">9788812000647</subfield><subfield code="q">t. 2</subfield></datafield><datafield ind1=" " ind2=" " tag="020"><subfield code="a">9788812000760</subfield><subfield code="c">(tomo 1)</subfield></datafield><datafield ind1=" " ind2=" " tag="020"><subfield code="a">9788812000777</subfield><subfield code="c">tomo 2)</subfield></datafield><datafield ind1=" " ind2=" " tag="020"><subfield code="a">8812000762</subfield><subfield code="c">(tomo 1)</subfield></datafield><datafield ind1=" " ind2=" " tag="035"><subfield code="a">(swissbib)235728357-41slsp_network</subfield></datafield><datafield ind1=" " ind2=" " tag="035"><subfield code="a">235728357</subfield><subfield code="9">ExL</subfield></datafield><datafield ind1=" " ind2=" " tag="035"><subfield code="a">(RERO)R007100664-41slsp</subfield></datafield><datafield ind1=" " ind2=" " tag="035"><subfield code="a">(NEBIS)007328380EBI01</subfield></datafield><datafield ind1=" " ind2=" " tag="035"><subfield code="a">(IDSBB)006024326DSV01</subfield></datafield><datafield ind1=" " ind2=" " tag="035"><subfield code="a">(IDSSG)000562949HSB01</subfield></datafield><datafield ind1=" " ind2=" " tag="035"><subfield code="a">(OCoLC)796780646</subfield></datafield><datafield ind1=" " ind2=" " tag="035"><subfield code="a">(EXLNZ-41SLSP_NETWORK)991078519129705501</subfield></datafield><datafield ind1=" " ind2=" " tag="040"><subfield code="a">RERO labcud</subfield><subfield code="d">CH-ZuSLS</subfield></datafield><datafield ind1=" " ind2="7" tag="072"><subfield code="a">it</subfield><subfield code="2">rero</subfield></datafield><datafield ind1=" " ind2="7" tag="072"><subfield code="a">it</subfield><subfield code="2">SzZuIDS BS/BE</subfield></datafield><datafield ind1="1" ind2="4" tag="082"><subfield code="a">850</subfield><subfield code="2">21</subfield></datafield><datafield ind1="1" ind2=" " tag="100"><subfield code="a">Carducci, Giosuè</subfield><subfield code="d">1835-1907</subfield><subfield code="0">(IDREF)027668002</subfield><subfield code="4">cre</subfield><subfield code="6">880-01</subfield></datafield><datafield ind1="1" ind2=" " tag="880"><subfield code="a">Carducci, Giosuè</subfield><subfield code="d">1835-1907</subfield><subfield code="0">(DE-588)118668366</subfield><subfield code="6">100-01</subfield></datafield><datafield ind1="1" ind2="0" tag="245"><subfield code="a">Opere</subfield><subfield code="c">Giosuè Carducci ; a cura di Emma Giammattei</subfield></datafield><datafield ind1=" " ind2="1" tag="264"><subfield code="a">Milano</subfield><subfield code="b">R. Ricciardi</subfield><subfield code="c">2011</subfield></datafield><datafield ind1=" " ind2=" " tag="300"><subfield code="a">2 vol.</subfield></datafield><datafield ind1=" " ind2=" " tag="336"><subfield code="b">txt</subfield><subfield code="2">rdacontent</subfield></datafield><datafield ind1=" " ind2=" " tag="337"><subfield code="b">n</subfield><subfield code="2">rdamedia</subfield></datafield><datafield ind1=" " ind2=" " tag="338"><subfield code="b">nc</subfield><subfield code="2">rdacarrier</subfield></datafield><datafield ind1="1" ind2=" " tag="490"><subfield code="a">La letteratura italiana : storia e testi</subfield><subfield code="v">60</subfield></datafield><datafield ind1=" " ind2=" " tag="500"><subfield code="a">Collected writings, letters and poems.</subfield></datafield><datafield ind1="0" ind2="0" tag="505"><subfield code="g">Tomo 1</subfield><subfield code="t">Prose</subfield></datafield><datafield ind1="0" ind2="0" tag="505"><subfield code="g">T. 1</subfield><subfield code="t">Prose</subfield></datafield><datafield ind1="0" ind2="0" tag="505"><subfield code="g">Tomo 2</subfield><subfield code="t">Poesie</subfield></datafield><datafield ind1="1" ind2="7" tag="600"><subfield code="a">Carducci, Giosuè</subfield><subfield code="d">1835-1907</subfield><subfield code="0">(IDREF)027668002</subfield><subfield code="2">idref</subfield></datafield><datafield ind1=" " ind2="7" tag="650"><subfield code="a">1853-1906</subfield><subfield code="2">rero</subfield></datafield><datafield ind1=" " ind2="7" tag="650"><subfield code="a">Literatur</subfield><subfield code="2">idszbz</subfield></datafield><datafield ind1=" " ind2="7" tag="650"><subfield code="a">Italienisch</subfield><subfield code="2">idszbz</subfield></datafield><datafield ind1=" " ind2="7" tag="655"><subfield code="a">Correspondance</subfield><subfield code="0">(IDREF)027490122</subfield><subfield code="2">idref</subfield></datafield><datafield ind1=" " ind2="7" tag="655"><subfield code="a">Ausgabe</subfield><subfield code="2">idszbz</subfield></datafield><datafield ind1=" " ind2=" " tag="690"><subfield code="a">Index; Ministerpräsident; San; König; Lyrik; Poesie; Ministerium; Emma; Bekenntnis; Gedicht; Erinnerung; Schule; Werk; Kaiser; Bildung; Brindisi; Joshua; Rom; Rose; Turm; Epidemie; Absatz; Aurora; Beerdigung; Buchstabe; Kathedrale; Mythologie; Oper; Porträt; Ruine; Schicksal; Tempel; Amato; Ancona; Ariosto; Bahnhof; Ballad; Byron; Certosa; College; Crispi; Donatello; Foscolo; Garibaldi; Gemeinschaftsgastronomie; Goldoni; Grab; Institut; Kirche; Kloster; Luther; Mädchen; Santo; Stadt; Textilberuf; Tod; Traum; Alexandria; Autobiographie; Bologna; Brescia; Civitavecchia; Courmayeur; Cäsar; Elisabeth; Homer; Moment; Pisa; Cartoon; Dante; Dichtung; Ernte; Feder; Figurine; Flagge; Hochzeit; Jahrestag; Klassik; Kulturgut; Milan; Monte; Adoleszenz; Elegie; Gerechtigkeit; Legende; Mütter; Parlament; Sommernacht; Wahrheit; Winter</subfield><subfield code="2">idssg-J</subfield></datafield><datafield ind1=" " ind2=" " tag="690"><subfield code="a">Kartäuserkloster; Kindheitserinnerung; Sommertraum; Briefautobiographie; Caracallatherme; Frühjahrsklassiker; Herbstmorgen; Jugendwerk; Karsamstag; Nationalliteratur; Parlamentsrede; Weihnachtszeit; Wintersonne</subfield><subfield code="2">idssg-J</subfield></datafield><datafield ind1=" " ind2=" " tag="690"><subfield code="a">dritte Serie; achtzehntes Jahrhundert; altes Schloss; andere Studie; anstrengender Sohn; aufständischer Kreter; auswärtige Angelegenheit; barbarische Bemerkung; epischer Moment; erste Ausgabe; erster Schritt; erster Versuch; gotische Kirche; grimmig Druidic; guter Start; idyllische Mai; idyllisch Maremma; italienisch Risorgimento; italienische Oper; italienisches Schiff; kaiserlich Prinzen; kleines Mädchen; letzte Serie; neue Bemerkung; nächster Nächster; pisanisch Maremma; verschiedene Literatur; zehnter Jahrestag; ziviler Effekt; zweiter Jahrestag; zweite Serie; öffentliche Bildung</subfield><subfield code="2">idssg-J</subfield></datafield><datafield ind1=" " ind2=" " tag="690"><subfield code="a">Italien C4EUIT; Frankreich C4EUFR; China C9CHIN; Ägypten C7EGYP; Vereinigte Staaten C1USA</subfield><subfield code="2">idssg-J</subfield></datafield><datafield ind1=" " ind2=" " tag="690"><subfield code="a">Adriano Cecioni; Alessandro Ancona; Alessandro Manzoni; Arbeit Italienische Schiffe; Bicocca San Giacomo; Byron; Cäsar Zanichelli; Carlo Goldoni; Civitavecchia Lesen Marlowe; College of; Dante; Donatello; Emma Giammattei RICCARDO RICCIARDI; erst Versuche Bemerkung; Francesco Crispi; Giacomo Leopardi; Giammattei RICCARDO RICCIARDI; Giuliano Amato; Giuseppe Garibaldi; Giuseppe Mazzini; Giuseppe Regaldi; Hause; Hellenic Federn Alexandrina; Hellenic Federn Dorian; Hellenic Federn Eolia; Interpellation Senatoren Odescalchi; Joshua CARDUCCI; Jaufré RudeI; Joseph Regaldi; Jugendwerk Levia; Karl CHI; Karl LXXX1; Königin Elisabeth Kaiserin; Königin Margherita; Letters Briefautobiographie Bemerkung; Levia Gravia; Mai; Maria Teresa Gozzadini; Martin Luther; Miss Mary Im; Miss Mary XXX; Mutter Gruppe; Nero; Nicola Pisano; Percy Bysshe Shelley; Petrarca; Prinzen; Qa ira LXXXII; Ruit Hora; San Miniato al Tedesco; San Petronio; Senator Mariotti Minister Bildung</subfield><subfield code="2">idssg-J</subfield></datafield><datafield ind1="1" ind2=" " tag="700"><subfield code="a">Giammattei, Emma</subfield><subfield code="0">(RERO)A003293923</subfield></datafield><datafield ind1="4" ind2=" " tag="856"><subfield code="3">Titelblatt und Inhaltsverzeichnis</subfield><subfield code="u">https://toc.library.ethz.ch/objects/pdf/z01_978-88-12-00076-0_01.pdf</subfield><subfield code="q">pdf</subfield></datafield><datafield ind1=" " ind2="0" tag="830"><subfield code="a">&lt;&lt;La&gt;&gt; letteratura italiana</subfield><subfield code="v">60</subfield><subfield code="w">(NEBIS)000995028EBI01</subfield></datafield><datafield ind1=" " ind2="0" tag="830"><subfield code="a">&lt;&lt;La&gt;&gt; letteratura italiana</subfield><subfield code="p">Ricciardi</subfield><subfield code="v">60</subfield><subfield code="w">(IDSSG)000011582HSB01</subfield></datafield><datafield ind1=" " ind2=" " tag="900"><subfield code="a">REROnoselfmerge</subfield></datafield><datafield ind1=" " ind2=" " tag="900"><subfield code="a">IDSZ2zbzmon201207rf</subfield><subfield code="c">IDSZ2rusc</subfield><subfield code="d">IDSZ2zbzswk201208b</subfield><subfield code="e">IDSZ2brua</subfield></datafield><datafield ind1=" " ind2=" " tag="911"><subfield code="a">100</subfield><subfield code="a">Carducci, Giosuè</subfield><subfield code="d">1835-1907</subfield></datafield><datafield ind1=" " ind2=" " tag="949"><subfield code="a">https://toc.library.ethz.ch/objects/pdf/z01_978-88-12-00076-0_01.pdf</subfield></datafield><datafield ind1=" " ind2=" " tag="993"><subfield code="a">BFLA 238212</subfield><subfield code="x">ge/ulit/a/12/271</subfield><subfield code="9">LOCAL</subfield></datafield></record>
</metadata></record>