<record><header><identifier>oai:alma.41SLSP_UGE:991000792499705502</identifier><datestamp>2023-03-01T01:09:42Z</datestamp><setSpec>uge_bcen_RapidILL_BOOK</setSpec><setSpec>uge_aaca_RapidILL_BOOK</setSpec><setSpec>uge_abels_RapidILL_BOOK</setSpec><setSpec>uge_dbu_RapidILL_BOOK</setSpec><setSpec>uge_cmu_RapidILL_BOOK</setSpec><setSpec>uge_mail_RapidILL_BOOK</setSpec><setSpec>UNIGE_ALL</setSpec><setSpec>uge_abbat_RapidILL_BOOK</setSpec><setSpec>uge_aobs_RapidILL_BOOK</setSpec><setSpec>uge_acar_RapidILL_BOOK</setSpec></header><metadata>
<record xmlns="http://www.loc.gov/MARC21/slim" xmlns:xsi="http://www.w3.org/2001/XMLSchema-instance" xsi:schemaLocation="http://www.loc.gov/MARC21/slim http://www.loc.gov/standards/marcxml/schema/MARC21slim.xsd"><leader>01624nam a2200481uc 4500</leader><controlfield tag="001">991000792499705502</controlfield><controlfield tag="005">20201229231910.0</controlfield><controlfield tag="008">201011s1985    gw            00| | ger d</controlfield><datafield ind1=" " ind2=" " tag="020"><subfield code="a">3803101360</subfield></datafield><datafield ind1=" " ind2=" " tag="035"><subfield code="a">(swissbib)216411319-41slsp_network</subfield></datafield><datafield ind1=" " ind2=" " tag="035"><subfield code="a">216411319</subfield><subfield code="9">ExL</subfield></datafield><datafield ind1=" " ind2=" " tag="035"><subfield code="a">(IDSBB)000096355DSV01</subfield></datafield><datafield ind1=" " ind2=" " tag="035"><subfield code="a">(NEBIS)003318902EBI01</subfield></datafield><datafield ind1=" " ind2=" " tag="035"><subfield code="a">(RERO)0709512-41slsp</subfield></datafield><datafield ind1=" " ind2=" " tag="035"><subfield code="a">(EXLNZ-41SLSP_NETWORK)991097479019705501</subfield></datafield><datafield ind1=" " ind2=" " tag="040"><subfield code="a">SzZuIDS BS/BE</subfield><subfield code="b">ger</subfield><subfield code="e">kids</subfield><subfield code="d">CH-ZuSLS</subfield></datafield><datafield ind1=" " ind2="7" tag="072"><subfield code="a">nd</subfield><subfield code="2">SzZuIDS BS/BE</subfield></datafield><datafield ind1=" " ind2="7" tag="072"><subfield code="a">al</subfield><subfield code="2">rero</subfield></datafield><datafield ind1="0" ind2="4" tag="082"><subfield code="a">834.914</subfield><subfield code="2">19</subfield></datafield><datafield ind1="0" ind2="4" tag="082"><subfield code="a">833.914</subfield></datafield><datafield ind1="0" ind2="4" tag="082"><subfield code="a">833.9</subfield></datafield><datafield ind1="1" ind2="4" tag="082"><subfield code="a">830</subfield><subfield code="2">15</subfield></datafield><datafield ind1="1" ind2="4" tag="082"><subfield code="a">830.91</subfield></datafield><datafield ind1=" " ind2=" " tag="084"><subfield code="a">GN 5828</subfield><subfield code="2">rvk</subfield></datafield><datafield ind1="1" ind2=" " tag="100"><subfield code="a">Hermlin, Stephan</subfield><subfield code="d">1915-1997</subfield><subfield code="0">(DE-588)118549812</subfield><subfield code="6">880-01</subfield></datafield><datafield ind1="1" ind2=" " tag="880"><subfield code="6">100-01</subfield><subfield code="a">Hermlin, Stephan</subfield><subfield code="d">1915-1997</subfield><subfield code="0">(IDREF)026920328</subfield><subfield code="4">cre</subfield></datafield><datafield ind1="1" ind2="0" tag="245"><subfield code="a">Bestimmungsorte</subfield><subfield code="b">fünf Erzählungen</subfield><subfield code="c">Stephan Hermlin</subfield></datafield><datafield ind1=" " ind2="1" tag="264"><subfield code="a">Berlin (-West)</subfield><subfield code="b">Klaus Wagenbach</subfield><subfield code="c">1985</subfield></datafield><datafield ind1=" " ind2=" " tag="300"><subfield code="a">76 S.</subfield><subfield code="c">21 cm</subfield></datafield><datafield ind1=" " ind2=" " tag="336"><subfield code="b">txt</subfield><subfield code="2">rdacontent</subfield></datafield><datafield ind1=" " ind2=" " tag="337"><subfield code="b">n</subfield><subfield code="2">rdamedia</subfield></datafield><datafield ind1=" " ind2=" " tag="338"><subfield code="b">nc</subfield><subfield code="2">rdacarrier</subfield></datafield><datafield ind1="1" ind2=" " tag="490"><subfield code="a">Quarthefte</subfield><subfield code="v">136</subfield></datafield><datafield ind1=" " ind2=" " tag="500"><subfield code="a">Contient : Ein berühmter Schriftsteller ; Doktor Dubois ; Hölderlin ; Rückkehr ; Ein Mord in Salzburg</subfield></datafield><datafield ind1="1" ind2="7" tag="600"><subfield code="a">Hermlin, Stephan</subfield><subfield code="d">1915-1997</subfield><subfield code="0">(DE-588)118549812</subfield><subfield code="2">gnd</subfield></datafield><datafield ind1=" " ind2="7" tag="650"><subfield code="a">Erzählung</subfield><subfield code="2">idszbz</subfield></datafield><datafield ind1=" " ind2="7" tag="650"><subfield code="a">Deutsch</subfield><subfield code="2">idszbz</subfield></datafield><datafield ind1=" " ind2="7" tag="655"><subfield code="a">Ausgabe</subfield><subfield code="2">idszbz</subfield></datafield><datafield ind1=" " ind2=" " tag="830"><subfield code="a">Quarthefte</subfield><subfield code="v">136</subfield><subfield code="w">(NEBIS)000066132EBI01</subfield></datafield><datafield ind1=" " ind2=" " tag="830"><subfield code="a">Quarthefte</subfield><subfield code="v">136</subfield><subfield code="w">(IDSBB)000009905DSV01</subfield></datafield><datafield ind1=" " ind2=" " tag="900"><subfield code="a">IDSZRMedeaZBZ</subfield></datafield><datafield ind1=" " ind2=" " tag="900"><subfield code="a">IDSZ2zbzmon201107l</subfield><subfield code="c">IDSZ2alli</subfield><subfield code="d">IDSZ2zbzswk201107b</subfield><subfield code="e">IDSZ2mueb</subfield></datafield><datafield ind1=" " ind2=" " tag="900"><subfield code="f">IDSU2medea</subfield></datafield><datafield ind1=" " ind2=" " tag="900"><subfield code="a">REROnoselfmerge</subfield></datafield></record>
</metadata></record>