<record><header><identifier>oai:alma.41SLSP_UGE:991000793019705502</identifier><datestamp>2023-03-01T01:09:42Z</datestamp><setSpec>uge_bcen_RapidILL_BOOK</setSpec><setSpec>uge_aaca_RapidILL_BOOK</setSpec><setSpec>uge_abels_RapidILL_BOOK</setSpec><setSpec>uge_dbu_RapidILL_BOOK</setSpec><setSpec>uge_cmu_RapidILL_BOOK</setSpec><setSpec>uge_mail_RapidILL_BOOK</setSpec><setSpec>UNIGE_ALL</setSpec><setSpec>uge_abbat_RapidILL_BOOK</setSpec><setSpec>uge_aobs_RapidILL_BOOK</setSpec><setSpec>uge_acar_RapidILL_BOOK</setSpec></header><metadata>
<record xmlns="http://www.loc.gov/MARC21/slim" xmlns:xsi="http://www.w3.org/2001/XMLSchema-instance" xsi:schemaLocation="http://www.loc.gov/MARC21/slim http://www.loc.gov/standards/marcxml/schema/MARC21slim.xsd"><leader>01652nam a2200433 c 4500</leader><controlfield tag="001">991000793019705502</controlfield><controlfield tag="005">20211014185844.0</controlfield><controlfield tag="008">201011s2000    xxu||||| |||| 00| ||eng d</controlfield><datafield ind1=" " ind2=" " tag="020"><subfield code="a">1586840193</subfield></datafield><datafield ind1=" " ind2=" " tag="020"><subfield code="a">9781586840198</subfield></datafield><datafield ind1=" " ind2=" " tag="035"><subfield code="a">(swissbib)230591965-41slsp_network</subfield></datafield><datafield ind1=" " ind2=" " tag="035"><subfield code="a">230591965</subfield><subfield code="9">ExL</subfield></datafield><datafield ind1=" " ind2=" " tag="035"><subfield code="a">(RERO)R003903840-41slsp</subfield></datafield><datafield ind1=" " ind2=" " tag="035"><subfield code="a">(NEBIS)009790421EBI01</subfield></datafield><datafield ind1=" " ind2=" " tag="035"><subfield code="a">(OCoLC)783043904</subfield></datafield><datafield ind1=" " ind2=" " tag="035"><subfield code="a">(EXLNZ-41SLSP_NETWORK)991147525249705501</subfield></datafield><datafield ind1=" " ind2=" " tag="040"><subfield code="a">RERO geuth-</subfield><subfield code="d">CH-ZuSLS</subfield></datafield><datafield ind1=" " ind2="7" tag="072"><subfield code="a">th</subfield><subfield code="2">rero</subfield></datafield><datafield ind1=" " ind2=" " tag="084"><subfield code="a">11.47</subfield><subfield code="2">bcl</subfield></datafield><datafield ind1="1" ind2=" " tag="100"><subfield code="a">Aus, Roger David</subfield><subfield code="d">1940-</subfield><subfield code="0">(DE-588)132193892</subfield><subfield code="6">880-01</subfield></datafield><datafield ind1="1" ind2=" " tag="880"><subfield code="6">100-01</subfield><subfield code="a">Aus, Roger David</subfield><subfield code="d">1940-....</subfield><subfield code="0">(IDREF)251350460</subfield><subfield code="4">cre</subfield></datafield><datafield ind1="1" ind2="0" tag="245"><subfield code="a">&lt;&lt;The&gt;&gt; stilling of the storm</subfield><subfield code="b">studies in early Palestinian Judaic traditions</subfield><subfield code="c">Roger David Aus</subfield></datafield><datafield ind1=" " ind2="1" tag="264"><subfield code="a">Binghamton, N.Y.</subfield><subfield code="b">Global Publications, Binghamton University</subfield><subfield code="c">2000</subfield></datafield><datafield ind1=" " ind2=" " tag="300"><subfield code="a">xiv, 245 p.</subfield><subfield code="c">23 cm</subfield></datafield><datafield ind1=" " ind2=" " tag="336"><subfield code="b">txt</subfield><subfield code="2">rdacontent</subfield></datafield><datafield ind1=" " ind2=" " tag="337"><subfield code="b">n</subfield><subfield code="2">rdamedia</subfield></datafield><datafield ind1=" " ind2=" " tag="338"><subfield code="b">nc</subfield><subfield code="2">rdacarrier</subfield></datafield><datafield ind1="1" ind2=" " tag="490"><subfield code="a">International studies in formative Christianity and Judaism</subfield></datafield><datafield ind1="0" ind2="7" tag="630"><subfield code="a">Bible</subfield><subfield code="p">NT</subfield><subfield code="p">Marc</subfield><subfield code="n">4, 35 - 41</subfield><subfield code="2">rero</subfield></datafield><datafield ind1="0" ind2="7" tag="630"><subfield code="a">Bible</subfield><subfield code="p">NT</subfield><subfield code="p">Marc</subfield><subfield code="n">1, 16 - 20</subfield><subfield code="2">rero</subfield></datafield><datafield ind1="0" ind2="7" tag="630"><subfield code="a">Bible</subfield><subfield code="p">NT</subfield><subfield code="p">Luc</subfield><subfield code="n">24, 13 - 35</subfield><subfield code="2">rero</subfield></datafield><datafield ind1=" " ind2="7" tag="650"><subfield code="a">parallèle (littérature)</subfield><subfield code="0">(RERO)A010127962</subfield><subfield code="2">rerovoc</subfield></datafield><datafield ind1=" " ind2="7" tag="650"><subfield code="a">Traditionsgeschichtliche Forschung</subfield><subfield code="0">(DE-588)4195342-3</subfield><subfield code="2">gnd</subfield></datafield><datafield ind1=" " ind2="0" tag="650"><subfield code="a">Jesus walking on the water (Miracle)</subfield></datafield><datafield ind1=" " ind2="0" tag="650"><subfield code="a">Storms in the Bible</subfield></datafield><datafield ind1=" " ind2="0" tag="650"><subfield code="a">Sea in the Bible</subfield></datafield><datafield ind1=" " ind2="7" tag="650"><subfield code="a">Evangeliën</subfield><subfield code="2">gtt</subfield></datafield><datafield ind1=" " ind2="7" tag="650"><subfield code="a">Rabbijnse literatuur</subfield><subfield code="2">gtt</subfield></datafield><datafield ind1=" " ind2="0" tag="830"><subfield code="a">University of South Florida international studies in formative Christianity and Judaism</subfield><subfield code="w">(RERO)2163742-41slsp</subfield></datafield><datafield ind1=" " ind2=" " tag="900"><subfield code="a">REROnoselfmerge</subfield></datafield></record>
</metadata></record>