<record><header><identifier>oai:alma.41SLSP_UGE:991000792399705502</identifier><datestamp>2023-07-01T00:25:51Z</datestamp><setSpec>uge_bcen_RapidILL_BOOK</setSpec><setSpec>uge_aaca_RapidILL_BOOK</setSpec><setSpec>uge_abels_RapidILL_BOOK</setSpec><setSpec>uge_dbu_RapidILL_BOOK</setSpec><setSpec>uge_cmu_RapidILL_BOOK</setSpec><setSpec>uge_mail_RapidILL_BOOK</setSpec><setSpec>uge_abbat_RapidILL_BOOK</setSpec><setSpec>UNIGE_ALL</setSpec><setSpec>uge_aobs_RapidILL_BOOK</setSpec><setSpec>uge_acar_RapidILL_BOOK</setSpec></header><metadata>
<record xmlns="http://www.loc.gov/MARC21/slim" xmlns:xsi="http://www.w3.org/2001/XMLSchema-instance" xsi:schemaLocation="http://www.loc.gov/MARC21/slim http://www.loc.gov/standards/marcxml/schema/MARC21slim.xsd"><leader>01709naa a2200313 c 4500</leader><controlfield tag="001">991000792399705502</controlfield><controlfield tag="005">20230630212550.0</controlfield><controlfield tag="008">201012s1992    sz ||||| |||| 00| ||ger d</controlfield><datafield ind1=" " ind2=" " tag="035"><subfield code="a">(swissbib)233358196-41slsp_network</subfield></datafield><datafield ind1=" " ind2=" " tag="035"><subfield code="a">233358196</subfield><subfield code="9">ExL</subfield></datafield><datafield ind1=" " ind2=" " tag="035"><subfield code="a">(RERO)1714253-41slsp</subfield></datafield><datafield ind1=" " ind2=" " tag="035"><subfield code="a">(IDSBB)000816221DSV01</subfield></datafield><datafield ind1=" " ind2=" " tag="035"><subfield code="a">(EXLNZ-41SLSP_NETWORK)991121708499705501</subfield></datafield><datafield ind1=" " ind2=" " tag="040"><subfield code="a">RERO geubfd</subfield><subfield code="d">CH-ZuSLS</subfield></datafield><datafield ind1=" " ind2="7" tag="072"><subfield code="a">dr</subfield><subfield code="2">rero</subfield></datafield><datafield ind1=" " ind2=" " tag="084"><subfield code="a">CA/CH 90.8 i</subfield><subfield code="2">cjurrom</subfield></datafield><datafield ind1="1" ind2=" " tag="100"><subfield code="a">Kaiser, Günther</subfield><subfield code="d">1928-2007</subfield><subfield code="0">(DE-588)120806045</subfield><subfield code="6">880-01</subfield></datafield><datafield ind1="1" ind2=" " tag="880"><subfield code="6">100-01</subfield><subfield code="a">Kaiser, Günther</subfield><subfield code="d">1928-....</subfield><subfield code="0">(IDREF)031650864</subfield><subfield code="4">cre</subfield></datafield><datafield ind1="1" ind2="0" tag="245"><subfield code="a">Verbrechensopfer und Massenmedien</subfield><subfield code="c">Günther Kaiser</subfield></datafield><datafield ind1=" " ind2=" " tag="336"><subfield code="b">txt</subfield><subfield code="2">rdacontent</subfield></datafield><datafield ind1=" " ind2=" " tag="337"><subfield code="b">n</subfield><subfield code="2">rdamedia</subfield></datafield><datafield ind1=" " ind2=" " tag="338"><subfield code="b">nc</subfield><subfield code="2">rdacarrier</subfield></datafield><datafield ind1=" " ind2=" " tag="580"><subfield code="a">In: Aktuelle Probleme der Kriminalitätsbekämpfung : Festschrift zum 50jährigen Bestehen der Schweizerischen Kriminalistischen Gesellschaft. - Bern, 1992, S. 89-101</subfield></datafield><datafield ind1=" " ind2="7" tag="650"><subfield code="a">Strafrecht</subfield><subfield code="9">ger</subfield><subfield code="0">(RERO)jurivoc000021776ger</subfield><subfield code="2">jurivoc</subfield></datafield><datafield ind1=" " ind2="7" tag="650"><subfield code="a">Opfer</subfield><subfield code="9">ger</subfield><subfield code="0">(RERO)jurivoc000016537ger</subfield><subfield code="2">jurivoc</subfield></datafield><datafield ind1=" " ind2="7" tag="650"><subfield code="a">Médias</subfield><subfield code="0">(IDREF)027237524</subfield><subfield code="2">idref</subfield></datafield><datafield ind1=" " ind2="7" tag="650"><subfield code="a">Victimes</subfield><subfield code="x">Protection, assistance, etc</subfield><subfield code="0">(IDREF)050705830</subfield><subfield code="2">idref</subfield></datafield><datafield ind1=" " ind2="7" tag="651"><subfield code="a">Suisse</subfield><subfield code="0">(IDREF)027249654</subfield><subfield code="2">idref</subfield></datafield><datafield ind1="0" ind2=" " tag="773"><subfield code="t">Schweizerische Zeitschrift für Strafrecht</subfield><subfield code="d">Bern : Stämpfli</subfield><subfield code="g">Jg. 110(1992), S. 89-101</subfield><subfield code="q">110/1992/89-101</subfield><subfield code="g">yr:1992</subfield><subfield code="g">no:110</subfield><subfield code="w">(IDSBB)000018773DSV01</subfield></datafield><datafield ind1="0" ind2=" " tag="773"><subfield code="t">Aktuelle Probleme der Kriminalitätsbekämpfung = Problèmes actuels de la lutte contre la criminalité = Problemi attuali della lotta contro la criminalità : Festschrift zum 50jährigen Bestehen der Schweizerischen Kriminalistischen Gesellschaft ...</subfield><subfield code="d">Bern : Stämpfli, 1992</subfield><subfield code="g">S. 89-101</subfield><subfield code="q">89-101</subfield><subfield code="w">(IDSBB)000812117DSV01</subfield></datafield></record>
</metadata></record>