<record><header><identifier>oai:alma.41SLSP_UGE:991000792739705502</identifier><datestamp>2023-03-01T01:09:42Z</datestamp><setSpec>uge_bcen_RapidILL_BOOK</setSpec><setSpec>uge_aaca_RapidILL_BOOK</setSpec><setSpec>uge_abels_RapidILL_BOOK</setSpec><setSpec>uge_dbu_RapidILL_BOOK</setSpec><setSpec>uge_cmu_RapidILL_BOOK</setSpec><setSpec>uge_mail_RapidILL_BOOK</setSpec><setSpec>UNIGE_ALL</setSpec><setSpec>uge_abbat_RapidILL_BOOK</setSpec><setSpec>uge_aobs_RapidILL_BOOK</setSpec><setSpec>uge_acar_RapidILL_BOOK</setSpec></header><metadata>
<record xmlns="http://www.loc.gov/MARC21/slim" xmlns:xsi="http://www.w3.org/2001/XMLSchema-instance" xsi:schemaLocation="http://www.loc.gov/MARC21/slim http://www.loc.gov/standards/marcxml/schema/MARC21slim.xsd"><leader>01008nam a2200265 c 4500</leader><controlfield tag="001">991000792739705502</controlfield><controlfield tag="005">20201126052514.0</controlfield><controlfield tag="008">070516s1979    po ||||| |||| 00| ||eng d</controlfield><datafield ind1=" " ind2=" " tag="035"><subfield code="a">(swissbib)105246336-41slsp_network</subfield></datafield><datafield ind1=" " ind2=" " tag="035"><subfield code="a">105246336</subfield><subfield code="9">ExL</subfield></datafield><datafield ind1=" " ind2=" " tag="035"><subfield code="a">(RERO)R004409996-41slsp</subfield></datafield><datafield ind1=" " ind2=" " tag="035"><subfield code="a">(EXLNZ-41SLSP_NETWORK)991126245059705501</subfield></datafield><datafield ind1=" " ind2=" " tag="040"><subfield code="a">RERO geussa</subfield><subfield code="d">CH-ZuSLS</subfield></datafield><datafield ind1=" " ind2="7" tag="072"><subfield code="a">et</subfield><subfield code="2">rero</subfield></datafield><datafield ind1="1" ind2=" " tag="100"><subfield code="a">Amorim, A.</subfield><subfield code="0">(RERO)A013262663</subfield><subfield code="4">cre</subfield></datafield><datafield ind1="1" ind2="0" tag="245"><subfield code="a">Red cell acid phosphatase (ACP1) polymorphism in Flores Island (Azores)</subfield><subfield code="c">por A. Amorim, M. A. S. N. Faria and E. L. Pereira</subfield></datafield><datafield ind1=" " ind2="1" tag="264"><subfield code="a">Porto</subfield><subfield code="b">[éditeur non identifié]</subfield><subfield code="c">1979</subfield></datafield><datafield ind1=" " ind2=" " tag="300"><subfield code="a">3 p.</subfield><subfield code="b">ill.</subfield></datafield><datafield ind1=" " ind2=" " tag="336"><subfield code="b">txt</subfield><subfield code="2">rdacontent</subfield></datafield><datafield ind1=" " ind2=" " tag="337"><subfield code="b">n</subfield><subfield code="2">rdamedia</subfield></datafield><datafield ind1=" " ind2=" " tag="338"><subfield code="b">nc</subfield><subfield code="2">rdacarrier</subfield></datafield><datafield ind1="1" ind2=" " tag="490"><subfield code="a">Trabalhos do Instituto de Antropología &quot;Dr. Mendes Corrêa&quot;</subfield><subfield code="v">No 35</subfield></datafield><datafield ind1="1" ind2=" " tag="700"><subfield code="a">Faria, M. A. S. N.</subfield><subfield code="0">(RERO)A013262665</subfield></datafield><datafield ind1="1" ind2=" " tag="700"><subfield code="a">Pereira, E. L.</subfield><subfield code="0">(RERO)A013262666</subfield></datafield><datafield ind1=" " ind2=" " tag="830"><subfield code="a">Trabalhos do Instituto de Antropología &quot;Dr. Mendes Corrêa&quot;</subfield><subfield code="v">35</subfield><subfield code="w">(RERO)R004191496-41slsp</subfield></datafield><datafield ind1=" " ind2=" " tag="900"><subfield code="a">REROnoselfmerge</subfield></datafield></record>
</metadata></record>