<record><header><identifier>oai:alma.41SLSP_UGE:991000792849705502</identifier><datestamp>2024-02-02T01:19:20Z</datestamp><setSpec>uge_bcen_RapidILL_BOOK</setSpec><setSpec>uge_aaca_RapidILL_BOOK</setSpec><setSpec>uge_abels_RapidILL_BOOK</setSpec><setSpec>uge_dbu_RapidILL_BOOK</setSpec><setSpec>uge_cmu_RapidILL_BOOK</setSpec><setSpec>uge_mail_RapidILL_BOOK</setSpec><setSpec>uge_abbat_RapidILL_BOOK</setSpec><setSpec>UNIGE_ALL</setSpec><setSpec>uge_aobs_RapidILL_BOOK</setSpec><setSpec>uge_acar_RapidILL_BOOK</setSpec></header><metadata>
<record xmlns="http://www.loc.gov/MARC21/slim" xmlns:xsi="http://www.w3.org/2001/XMLSchema-instance" xsi:schemaLocation="http://www.loc.gov/MARC21/slim http://www.loc.gov/standards/marcxml/schema/MARC21slim.xsd"><leader>02683nam a2200649 c 4500</leader><controlfield tag="001">991000792849705502</controlfield><controlfield tag="005">20240201151258.0</controlfield><controlfield tag="008">201012s1999    gw ||||| |||| 00| ||ger d</controlfield><datafield ind1=" " ind2=" " tag="035"><subfield code="a">(swissbib)237392887-41slsp_network</subfield></datafield><datafield ind1=" " ind2=" " tag="035"><subfield code="a">237392887</subfield><subfield code="9">ExL</subfield></datafield><datafield ind1=" " ind2=" " tag="035"><subfield code="a">(RERO)R257165560-41slsp</subfield></datafield><datafield ind1=" " ind2=" " tag="035"><subfield code="a">(IDSBB)001989872DSV01</subfield></datafield><datafield ind1=" " ind2=" " tag="035"><subfield code="a">(NEBIS)002089193EBI01</subfield></datafield><datafield ind1=" " ind2=" " tag="035"><subfield code="a">(EXLNZ-41SLSP_NETWORK)991144121879705501</subfield></datafield><datafield ind1=" " ind2=" " tag="040"><subfield code="a">RERO gevbpu</subfield><subfield code="d">CH-ZuSLS</subfield></datafield><datafield ind1="1" ind2=" " tag="041"><subfield code="a">ger</subfield><subfield code="a">grc</subfield><subfield code="h">grc</subfield></datafield><datafield ind1=" " ind2="7" tag="072"><subfield code="a">gr</subfield><subfield code="2">rero</subfield></datafield><datafield ind1=" " ind2="7" tag="072"><subfield code="a">kp</subfield><subfield code="2">SzZuIDS BS/BE</subfield></datafield><datafield ind1="0" ind2="0" tag="245"><subfield code="a">Briefe des Apollonios-Archives aus der Sammlung Papyri Gissenses</subfield><subfield code="b">Edition, Übersetzung und Kommentar</subfield><subfield code="c">Michael Kortus</subfield></datafield><datafield ind1=" " ind2="1" tag="264"><subfield code="a">Giessen</subfield><subfield code="b">Universitätsbibliothek</subfield><subfield code="c">1999</subfield></datafield><datafield ind1=" " ind2=" " tag="300"><subfield code="a">XVI, 333 p., 13 p. de fac-sim.</subfield><subfield code="c">23 cm</subfield></datafield><datafield ind1=" " ind2=" " tag="336"><subfield code="b">txt</subfield><subfield code="2">rdacontent</subfield></datafield><datafield ind1=" " ind2=" " tag="337"><subfield code="b">n</subfield><subfield code="2">rdamedia</subfield></datafield><datafield ind1=" " ind2=" " tag="338"><subfield code="b">nc</subfield><subfield code="2">rdacarrier</subfield></datafield><datafield ind1="1" ind2=" " tag="490"><subfield code="a">Berichte und Arbeiten aus der Universitätsbibliothek und dem Universitätsarchiv Giessen</subfield><subfield code="v">49</subfield></datafield><datafield ind1=" " ind2=" " tag="500"><subfield code="a">Griech. Text mit dt. Übersetzung und dt. Kommentar</subfield></datafield><datafield ind1="0" ind2="7" tag="600"><subfield code="a">Apollonios (Stratege)</subfield><subfield code="2">idszbz</subfield></datafield><datafield ind1="0" ind2="7" tag="600"><subfield code="a">Apollonios</subfield><subfield code="c">Stratege</subfield><subfield code="d">ca. 2.Jh.</subfield><subfield code="0">(DE-588)121669491</subfield><subfield code="2">gnd</subfield></datafield><datafield ind1="1" ind2="0" tag="600"><subfield code="a">Apollonios</subfield><subfield code="c">&lt;Stratege&gt;</subfield><subfield code="x">Briefsammlung</subfield><subfield code="x">Gießen / Universitätsbibliothek</subfield><subfield code="x">Papyrus</subfield><subfield code="x">Sammlung</subfield></datafield><datafield ind1="2" ind2="7" tag="610"><subfield code="a">Universitätsbibliothek</subfield><subfield code="g">Giessen, Allemagne</subfield><subfield code="0">(IDREF)028111540</subfield><subfield code="2">idref</subfield></datafield><datafield ind1="2" ind2="7" tag="610"><subfield code="a">Universitätsbibliothek Giessen</subfield><subfield code="2">idszbz</subfield></datafield><datafield ind1=" " ind2="7" tag="650"><subfield code="a">Archives</subfield><subfield code="0">(IDREF)027366022</subfield><subfield code="2">idref</subfield></datafield><datafield ind1=" " ind2="7" tag="650"><subfield code="a">Papyrus grecs</subfield><subfield code="0">(IDREF)027237478</subfield><subfield code="2">idref</subfield></datafield><datafield ind1=" " ind2="7" tag="650"><subfield code="a">Papyrus</subfield><subfield code="z">griechischer</subfield><subfield code="v">Text</subfield><subfield code="2">idsbb</subfield></datafield><datafield ind1=" " ind2="4" tag="650"><subfield code="a">Brief</subfield></datafield><datafield ind1=" " ind2="4" tag="650"><subfield code="a">Papyrus</subfield></datafield><datafield ind1=" " ind2="4" tag="650"><subfield code="a">Sammlung</subfield></datafield><datafield ind1=" " ind2="7" tag="650"><subfield code="a">Griechisch</subfield><subfield code="2">idszbz</subfield></datafield><datafield ind1=" " ind2="7" tag="650"><subfield code="a">Papyrus</subfield><subfield code="2">idszbz</subfield></datafield><datafield ind1=" " ind2="7" tag="650"><subfield code="a">Brief</subfield><subfield code="0">(DE-588)4008240-4</subfield><subfield code="2">gnd</subfield></datafield><datafield ind1=" " ind2="7" tag="650"><subfield code="a">Katalog</subfield><subfield code="0">(DE-588)4163417-2</subfield><subfield code="2">gnd</subfield></datafield><datafield ind1=" " ind2="7" tag="650"><subfield code="a">Kommentar</subfield><subfield code="0">(DE-588)4136710-8</subfield><subfield code="2">gnd</subfield></datafield><datafield ind1=" " ind2="7" tag="650"><subfield code="a">Papyrus</subfield><subfield code="0">(DE-588)4044571-9</subfield><subfield code="2">gnd</subfield></datafield><datafield ind1=" " ind2="7" tag="650"><subfield code="a">Sammlung</subfield><subfield code="0">(DE-588)4128844-0</subfield><subfield code="2">gnd</subfield></datafield><datafield ind1=" " ind2="7" tag="650"><subfield code="a">Universitätsbibliothek</subfield><subfield code="0">(DE-588)4133334-2</subfield><subfield code="2">gnd</subfield></datafield><datafield ind1=" " ind2="7" tag="651"><subfield code="a">Giessen</subfield><subfield code="x">Papyrus</subfield><subfield code="v">Text</subfield><subfield code="2">idsbb</subfield></datafield><datafield ind1=" " ind2="7" tag="651"><subfield code="a">Gießen</subfield><subfield code="0">(DE-588)4020989-1</subfield><subfield code="2">gnd</subfield></datafield><datafield ind1=" " ind2="7" tag="655"><subfield code="a">Briefsammlung</subfield><subfield code="2">gnd-content</subfield></datafield><datafield ind1=" " ind2="4" tag="655"><subfield code="a">Katalog</subfield></datafield><datafield ind1=" " ind2="4" tag="655"><subfield code="a">Kommentar</subfield></datafield><datafield ind1=" " ind2="7" tag="655"><subfield code="a">Ausgabe</subfield><subfield code="2">idszbz</subfield></datafield><datafield ind1=" " ind2="7" tag="655"><subfield code="a">Briefsammlung</subfield><subfield code="2">idszbz</subfield></datafield><datafield ind1="1" ind2=" " tag="700"><subfield code="a">Kortus, Michael</subfield><subfield code="0">(IDREF)050839063</subfield></datafield><datafield ind1=" " ind2=" " tag="830"><subfield code="a">Berichte und Arbeiten aus der Universitätsbibliothek und dem Universitätsarchiv Giessen</subfield><subfield code="v">49</subfield><subfield code="w">(IDSBB)000038725DSV01</subfield></datafield><datafield ind1=" " ind2=" " tag="830"><subfield code="a">Berichte und Arbeiten aus der Universitätsbibliothek und dem Universitätsarchiv Giessen</subfield><subfield code="v">49</subfield><subfield code="w">(NEBIS)001002178EBI01</subfield></datafield><datafield ind1=" " ind2=" " tag="900"><subfield code="a">REROnoselfmerge</subfield></datafield><datafield ind1=" " ind2=" " tag="900"><subfield code="a">IDSE1N25</subfield></datafield><datafield ind1=" " ind2=" " tag="900"><subfield code="a">IDSZ2zbz mon 1999 09</subfield><subfield code="b">IDSZ2e</subfield><subfield code="c">IDSZ2murd</subfield><subfield code="d">IDSZ2zbzswk200109b</subfield><subfield code="e">IDSZ2kara</subfield></datafield></record>
</metadata></record>