<record><header><identifier>oai:alma.41SLSP_UGE:991000792119705502</identifier><datestamp>2023-03-01T01:09:42Z</datestamp><setSpec>uge_bcen_RapidILL_BOOK</setSpec><setSpec>uge_aaca_RapidILL_BOOK</setSpec><setSpec>uge_abels_RapidILL_BOOK</setSpec><setSpec>uge_dbu_RapidILL_BOOK</setSpec><setSpec>uge_cmu_RapidILL_BOOK</setSpec><setSpec>uge_mail_RapidILL_BOOK</setSpec><setSpec>UNIGE_ALL</setSpec><setSpec>uge_abbat_RapidILL_BOOK</setSpec><setSpec>uge_aobs_RapidILL_BOOK</setSpec><setSpec>uge_acar_RapidILL_BOOK</setSpec></header><metadata>
<record xmlns="http://www.loc.gov/MARC21/slim" xmlns:xsi="http://www.w3.org/2001/XMLSchema-instance" xsi:schemaLocation="http://www.loc.gov/MARC21/slim http://www.loc.gov/standards/marcxml/schema/MARC21slim.xsd"><leader>01801nam a2200445 c 4500</leader><controlfield tag="001">991000792119705502</controlfield><controlfield tag="005">20230217203137.0</controlfield><controlfield tag="008">201012s1973    xxu||||| |||| 00| ||eng d</controlfield><datafield ind1=" " ind2=" " tag="020"><subfield code="a">0810805642</subfield></datafield><datafield ind1=" " ind2=" " tag="035"><subfield code="a">(swissbib)239568176-41slsp_network</subfield></datafield><datafield ind1=" " ind2=" " tag="035"><subfield code="a">239568176</subfield><subfield code="9">ExL</subfield></datafield><datafield ind1=" " ind2=" " tag="035"><subfield code="a">(RERO)0673065-41slsp</subfield></datafield><datafield ind1=" " ind2=" " tag="035"><subfield code="a">(NEBIS)004037521EBI01</subfield></datafield><datafield ind1=" " ind2=" " tag="035"><subfield code="a">(OCoLC)469934577</subfield></datafield><datafield ind1=" " ind2=" " tag="035"><subfield code="a">(EXLNZ-41SLSP_NETWORK)991104826949705501</subfield></datafield><datafield ind1=" " ind2=" " tag="040"><subfield code="a">RERO geulan</subfield><subfield code="d">CH-ZuSLS</subfield></datafield><datafield ind1=" " ind2="7" tag="072"><subfield code="a">an</subfield><subfield code="2">rero</subfield></datafield><datafield ind1="1" ind2=" " tag="100"><subfield code="a">Landry, Hilton</subfield><subfield code="0">(IDREF)069302456</subfield><subfield code="4">cre</subfield></datafield><datafield ind1="1" ind2="0" tag="245"><subfield code="a">&lt;&lt;A&gt;&gt; concordance to the poems of Hart Crane</subfield><subfield code="c">by Hilton &amp; Elaine Landry ; with the assistance of Maurice Kramer ; revised by Robert DeMott</subfield></datafield><datafield ind1=" " ind2="1" tag="264"><subfield code="a">Metuchen, N.J.</subfield><subfield code="b">Scarecrow Press</subfield><subfield code="c">1973</subfield></datafield><datafield ind1=" " ind2=" " tag="300"><subfield code="a">VIII, 379 p.</subfield><subfield code="c">29 cm</subfield></datafield><datafield ind1=" " ind2=" " tag="336"><subfield code="b">txt</subfield><subfield code="2">rdacontent</subfield></datafield><datafield ind1=" " ind2=" " tag="337"><subfield code="b">n</subfield><subfield code="2">rdamedia</subfield></datafield><datafield ind1=" " ind2=" " tag="338"><subfield code="b">nc</subfield><subfield code="2">rdacarrier</subfield></datafield><datafield ind1="1" ind2=" " tag="490"><subfield code="a">Scarecrow concordances</subfield><subfield code="v">No. 4</subfield></datafield><datafield ind1=" " ind2=" " tag="500"><subfield code="a">Cette concordance est basée sur : &quot;The complete poems and selected letters and prose of Hart Crane / ed. by Brom Weber&quot;</subfield></datafield><datafield ind1=" " ind2=" " tag="500"><subfield code="a">&quot;Based on The complete poems and selected letters and prose of Hart Crane, edited by Brom Weber&quot;</subfield></datafield><datafield ind1="1" ind2="7" tag="600"><subfield code="a">Crane, Hart</subfield><subfield code="d">1899-1932</subfield><subfield code="0">(IDREF)026804514</subfield><subfield code="2">idref</subfield></datafield><datafield ind1="1" ind2="4" tag="600"><subfield code="a">Crane, Hart</subfield></datafield><datafield ind1="1" ind2="7" tag="600"><subfield code="a">Crane, Hart</subfield><subfield code="d">1899-1932</subfield><subfield code="0">(DE-588)118522612</subfield><subfield code="2">gnd</subfield></datafield><datafield ind1=" " ind2="7" tag="650"><subfield code="a">Konkordanz</subfield><subfield code="0">(DE-588)4165001-3</subfield><subfield code="2">gnd</subfield></datafield><datafield ind1=" " ind2="7" tag="650"><subfield code="a">Lyrik</subfield><subfield code="0">(DE-588)4036774-5</subfield><subfield code="2">gnd</subfield></datafield><datafield ind1=" " ind2="7" tag="655"><subfield code="a">Concordances</subfield><subfield code="0">(IDREF)027230686</subfield><subfield code="2">idref</subfield></datafield><datafield ind1="1" ind2=" " tag="700"><subfield code="a">De Mott, Robert J.</subfield><subfield code="d">1943-</subfield><subfield code="0">(DE-588)122077709</subfield></datafield><datafield ind1="1" ind2=" " tag="700"><subfield code="a">DeMott, Robert</subfield><subfield code="0">(RERO)A003168869</subfield></datafield><datafield ind1="1" ind2=" " tag="700"><subfield code="a">Landry, Elaine</subfield><subfield code="0">(RERO)A003493387</subfield></datafield><datafield ind1="1" ind2=" " tag="700"><subfield code="a">Kramer, Maurice</subfield><subfield code="0">(RERO)A003472130</subfield></datafield><datafield ind1=" " ind2=" " tag="830"><subfield code="a">Scarecrow concordances</subfield><subfield code="v">4</subfield><subfield code="w">(RERO)0673052-41slsp</subfield></datafield><datafield ind1=" " ind2=" " tag="900"><subfield code="a">REROnoselfmerge</subfield></datafield><datafield ind1=" " ind2=" " tag="900"><subfield code="a">IDSZRMedeaZBZ</subfield><subfield code="b">IDSZRSWK</subfield></datafield><datafield ind1=" " ind2=" " tag="900"><subfield code="a">IDSZRMedeaZBZ</subfield><subfield code="b">IDSZRReiheP</subfield></datafield></record>
</metadata></record>