<record><header><identifier>oai:alma.41SLSP_UGE:991000792329705502</identifier><datestamp>2023-03-01T01:09:42Z</datestamp><setSpec>uge_cmu_RapidILL_JOURNAL</setSpec><setSpec>uge_aobs_RapidILL_JOURNAL</setSpec><setSpec>uge_aaca_RapidILL_JOURNAL</setSpec><setSpec>uge_bcen_RapidILL_JOURNAL</setSpec><setSpec>uge_abbat_RapidILL_JOURNAL</setSpec><setSpec>uge_mail_RapidILL_JOURNAL</setSpec><setSpec>uge_dbu_RapidILL_JOURNAL</setSpec><setSpec>UNIGE_ALL</setSpec><setSpec>uge_abels_RapidILL_JOURNAL</setSpec><setSpec>uge_acar_RapidILL_JOURNAL</setSpec></header><metadata>
<record xmlns="http://www.loc.gov/MARC21/slim" xmlns:xsi="http://www.w3.org/2001/XMLSchema-instance" xsi:schemaLocation="http://www.loc.gov/MARC21/slim http://www.loc.gov/standards/marcxml/schema/MARC21slim.xsd"><leader>01191nas a2200313 c 4500</leader><controlfield tag="001">991000792329705502</controlfield><controlfield tag="005">20230119193508.0</controlfield><controlfield tag="008">901114u1955uuuucy || p|  ||| 0    0eng d</controlfield><datafield ind1=" " ind2=" " tag="019"><subfield code="a">Conversion de 710 en 110 et ajout du code de sous-champ 245 $c par programme</subfield><subfield code="5">SLSP/202212</subfield></datafield><datafield ind1=" " ind2=" " tag="022"><subfield code="a">0574-8267</subfield></datafield><datafield ind1=" " ind2=" " tag="035"><subfield code="a">(swissbib)085111201-41slsp_network</subfield></datafield><datafield ind1=" " ind2=" " tag="035"><subfield code="a">085111201</subfield><subfield code="9">ExL</subfield></datafield><datafield ind1=" " ind2=" " tag="035"><subfield code="a">(RERO)1309424-41slsp</subfield></datafield><datafield ind1=" " ind2=" " tag="035"><subfield code="a">(EXLNZ-41SLSP_NETWORK)991108806579705501</subfield></datafield><datafield ind1=" " ind2=" " tag="040"><subfield code="a">RERO gevmhn</subfield><subfield code="d">CH-ZuSLS</subfield></datafield><datafield ind1=" " ind2="7" tag="072"><subfield code="a">st</subfield><subfield code="2">rero</subfield></datafield><datafield ind1="1" ind2=" " tag="110"><subfield code="a">Chypre</subfield><subfield code="b">Geological Survey Department</subfield><subfield code="0">(IDREF)070951551</subfield><subfield code="4">aut</subfield></datafield><datafield ind1="1" ind2="0" tag="245"><subfield code="a">Annual report of the Geological Survey Department for the year...</subfield><subfield code="c">Republic of Cyprus</subfield></datafield><datafield ind1="1" ind2=" " tag="246"><subfield code="a">Annual report / Geological Survey Department (Cyprus)</subfield></datafield><datafield ind1=" " ind2="1" tag="264"><subfield code="a">Nicosia</subfield><subfield code="b">Geological Survey Department</subfield></datafield><datafield ind1=" " ind2=" " tag="300"><subfield code="c">34 cm</subfield></datafield><datafield ind1=" " ind2=" " tag="336"><subfield code="b">txt</subfield><subfield code="2">rdacontent</subfield></datafield><datafield ind1=" " ind2=" " tag="337"><subfield code="b">n</subfield><subfield code="2">rdamedia</subfield></datafield><datafield ind1=" " ind2=" " tag="338"><subfield code="b">nc</subfield><subfield code="2">rdacarrier</subfield></datafield><datafield ind1="0" ind2=" " tag="362"><subfield code="a">1955 - [?]</subfield></datafield><datafield ind1=" " ind2=" " tag="500"><subfield code="a">Se présente également sous la forme: Annual report / Geological Survey Department (Cyprus)</subfield></datafield><datafield ind1=" " ind2="7" tag="650"><subfield code="a">Géologie</subfield><subfield code="0">(IDREF)027227987</subfield><subfield code="2">idref</subfield></datafield><datafield ind1=" " ind2="7" tag="651"><subfield code="a">Chypre</subfield><subfield code="0">(IDREF)027250873</subfield><subfield code="2">idref</subfield></datafield><datafield ind1=" " ind2="7" tag="655"><subfield code="a">Périodiques</subfield><subfield code="0">(IDREF)02724640X</subfield><subfield code="2">idref</subfield></datafield><datafield ind1=" " ind2=" " tag="900"><subfield code="a">REROnoselfmerge</subfield></datafield></record>
</metadata></record>