<record><header><identifier>oai:alma.41SLSP_UGE:991000793039705502</identifier><datestamp>2023-04-08T00:24:31Z</datestamp><setSpec>uge_bcen_RapidILL_BOOK</setSpec><setSpec>uge_aaca_RapidILL_BOOK</setSpec><setSpec>uge_abels_RapidILL_BOOK</setSpec><setSpec>uge_dbu_RapidILL_BOOK</setSpec><setSpec>uge_cmu_RapidILL_BOOK</setSpec><setSpec>uge_mail_RapidILL_BOOK</setSpec><setSpec>uge_abbat_RapidILL_BOOK</setSpec><setSpec>UNIGE_ALL</setSpec><setSpec>uge_acar_RapidILL_BOOK</setSpec><setSpec>uge_aobs_RapidILL_BOOK</setSpec></header><metadata>
<record xmlns="http://www.loc.gov/MARC21/slim" xmlns:xsi="http://www.w3.org/2001/XMLSchema-instance" xsi:schemaLocation="http://www.loc.gov/MARC21/slim http://www.loc.gov/standards/marcxml/schema/MARC21slim.xsd"><leader>01508nam a2200325 c 4500</leader><controlfield tag="001">991000793039705502</controlfield><controlfield tag="005">20230407205947.0</controlfield><controlfield tag="008">110804s1979    sp ||||| |||| 00| ||mul d</controlfield><datafield ind1=" " ind2=" " tag="035"><subfield code="a">(swissbib)114079013-41slsp_network</subfield></datafield><datafield ind1=" " ind2=" " tag="035"><subfield code="a">114079013</subfield><subfield code="9">ExL</subfield></datafield><datafield ind1=" " ind2=" " tag="035"><subfield code="a">(RERO)R006118039-41slsp</subfield></datafield><datafield ind1=" " ind2=" " tag="035"><subfield code="a">(EXLNZ-41SLSP_NETWORK)991147987159705501</subfield></datafield><datafield ind1=" " ind2=" " tag="040"><subfield code="a">RERO geular</subfield><subfield code="d">CH-ZuSLS</subfield></datafield><datafield ind1="0" ind2=" " tag="041"><subfield code="a">ara</subfield><subfield code="a">spa</subfield></datafield><datafield ind1=" " ind2="7" tag="072"><subfield code="a">ma</subfield><subfield code="2">rero</subfield></datafield><datafield ind1="1" ind2=" " tag="100"><subfield code="a">Villuendas, M. V.</subfield><subfield code="0">(IDREF)164391347</subfield><subfield code="4">cre</subfield></datafield><datafield ind1="1" ind2="0" tag="245"><subfield code="a">&lt;&lt;La&gt;&gt; trigonometria europea en el siglo XI</subfield><subfield code="b">estudio de la obra de Ibn Muʿaḏ &quot;El kitāb mayhūlāt&quot;</subfield><subfield code="c">M. V. Villuendas</subfield></datafield><datafield ind1=" " ind2="1" tag="264"><subfield code="a">Barcelona</subfield><subfield code="b">Instituto de Historia de la Ciencia de la Real Academia de Buenas Letras</subfield><subfield code="c">1979</subfield></datafield><datafield ind1=" " ind2=" " tag="300"><subfield code="a">187, 47 p.</subfield><subfield code="b">ill.</subfield><subfield code="c">24 cm</subfield></datafield><datafield ind1=" " ind2=" " tag="336"><subfield code="b">txt</subfield><subfield code="2">rdacontent</subfield></datafield><datafield ind1=" " ind2=" " tag="337"><subfield code="b">n</subfield><subfield code="2">rdamedia</subfield></datafield><datafield ind1=" " ind2=" " tag="338"><subfield code="b">nc</subfield><subfield code="2">rdacarrier</subfield></datafield><datafield ind1="1" ind2=" " tag="490"><subfield code="a">Memorias de la Real Academia de Buenas Letras de Barcelona</subfield><subfield code="v">18</subfield></datafield><datafield ind1=" " ind2="7" tag="650"><subfield code="a">Mathématiques</subfield><subfield code="0">(IDREF)02723875X</subfield><subfield code="2">idref</subfield></datafield><datafield ind1=" " ind2="7" tag="650"><subfield code="a">Trigonométrie</subfield><subfield code="0">(IDREF)027315851</subfield><subfield code="2">idref</subfield></datafield><datafield ind1=" " ind2="7" tag="650"><subfield code="a">11e siècle</subfield><subfield code="0">(IDREF)028021428</subfield><subfield code="2">idref</subfield></datafield><datafield ind1=" " ind2="7" tag="651"><subfield code="a">Europe</subfield><subfield code="0">(IDREF)027224651</subfield><subfield code="2">idref</subfield></datafield><datafield ind1="1" ind2="2" tag="700"><subfield code="a">Ibn Muʿādh al-Jayyānī, Abū ʿAbd Allāh Muḥammad</subfield><subfield code="d">989-1079</subfield><subfield code="t">Kitāb majhūlāt qasī al-kurra</subfield></datafield><datafield ind1="1" ind2=" " tag="700"><subfield code="a">Ibn Muʿādh al-Jayyānī, Abū ʿAbd Allāh Muḥammad</subfield><subfield code="d">989-1079</subfield></datafield><datafield ind1=" " ind2="0" tag="830"><subfield code="a">Memorias de la Real Academia de buenas letras de Barcelona</subfield><subfield code="v">18</subfield><subfield code="w">(RERO)0124649-41slsp</subfield></datafield><datafield ind1=" " ind2=" " tag="900"><subfield code="a">REROnoselfmerge</subfield></datafield></record>
</metadata></record>