<record><header><identifier>oai:alma.41SLSP_UGE:991000792939705502</identifier><datestamp>2024-07-12T00:07:58Z</datestamp><setSpec>uge_bcen_RapidILL_BOOK</setSpec><setSpec>uge_aaca_RapidILL_BOOK</setSpec><setSpec>uge_abels_RapidILL_BOOK</setSpec><setSpec>uge_dbu_RapidILL_BOOK</setSpec><setSpec>uge_cmu_RapidILL_BOOK</setSpec><setSpec>uge_mail_RapidILL_BOOK</setSpec><setSpec>uge_abbat_RapidILL_BOOK</setSpec><setSpec>UNIGE_ALL</setSpec><setSpec>uge_acar_RapidILL_BOOK</setSpec><setSpec>uge_aobs_RapidILL_BOOK</setSpec></header><metadata>
<record xmlns="http://www.loc.gov/MARC21/slim" xmlns:xsi="http://www.w3.org/2001/XMLSchema-instance" xsi:schemaLocation="http://www.loc.gov/MARC21/slim http://www.loc.gov/standards/marcxml/schema/MARC21slim.xsd"><leader>01035nam a2200289 c 4500</leader><controlfield tag="001">991000792939705502</controlfield><controlfield tag="005">20240320221736.0</controlfield><controlfield tag="008">160125s1524    sz ||||| |||| 00| ||lat d</controlfield><datafield ind1=" " ind2=" " tag="035"><subfield code="a">(swissbib)122532333-41slsp_network</subfield></datafield><datafield ind1=" " ind2=" " tag="035"><subfield code="a">122532333</subfield><subfield code="9">ExL</subfield></datafield><datafield ind1=" " ind2=" " tag="035"><subfield code="a">(RERO)R008348219-41slsp</subfield></datafield><datafield ind1=" " ind2=" " tag="035"><subfield code="a">(EXLNZ-41SLSP_NETWORK)991056664839705501</subfield></datafield><datafield ind1=" " ind2=" " tag="040"><subfield code="a">RERO geuchr</subfield><subfield code="d">CH-ZuSLS</subfield></datafield><datafield ind1=" " ind2=" " tag="044"><subfield code="a">sz</subfield><subfield code="c">ch-bs</subfield></datafield><datafield ind1=" " ind2="7" tag="072"><subfield code="a">th</subfield><subfield code="2">rero</subfield></datafield><datafield ind1="1" ind2=" " tag="100"><subfield code="a">Oecolampade, Johannes</subfield><subfield code="d">1482-1531</subfield><subfield code="0">(IDREF)029081815</subfield><subfield code="4">cre</subfield></datafield><datafield ind1="1" ind2="0" tag="245"><subfield code="a">In epistolam Joannis apostoli catholicam primam, Joannis Oecolampadij demegoriae, hoc est homiliae una et XX</subfield></datafield><datafield ind1=" " ind2="1" tag="264"><subfield code="a">Basileae</subfield><subfield code="b">apud Andream Cratandrum</subfield><subfield code="c">1524</subfield></datafield><datafield ind1=" " ind2=" " tag="300"><subfield code="a">99 f.</subfield><subfield code="c">8°</subfield></datafield><datafield ind1=" " ind2=" " tag="336"><subfield code="b">txt</subfield><subfield code="2">rdacontent</subfield></datafield><datafield ind1=" " ind2=" " tag="337"><subfield code="b">n</subfield><subfield code="2">rdamedia</subfield></datafield><datafield ind1=" " ind2=" " tag="338"><subfield code="b">nc</subfield><subfield code="2">rdacarrier</subfield></datafield><datafield ind1="3" ind2=" " tag="510"><subfield code="a">VD16 O 345</subfield></datafield><datafield ind1="0" ind2="7" tag="630"><subfield code="a">Bible</subfield><subfield code="p">NT</subfield><subfield code="p">Epîtres catholiques</subfield><subfield code="0">(RERO)A009967478</subfield><subfield code="2">rero</subfield></datafield><datafield ind1=" " ind2="7" tag="655"><subfield code="a">Ouvrages avant 1800</subfield><subfield code="0">(IDREF)027797376</subfield><subfield code="2">idref</subfield></datafield><datafield ind1="1" ind2=" " tag="700"><subfield code="a">Cratander, Andreas</subfield><subfield code="d">14..-1540</subfield><subfield code="0">(IDREF)031383211</subfield></datafield><datafield ind1=" " ind2=" " tag="751"><subfield code="a">Bâle-Ville (Suisse)</subfield><subfield code="4">pup</subfield><subfield code="0">(IDREF)027275922</subfield></datafield><datafield ind1=" " ind2=" " tag="900"><subfield code="a">REROswissbibnomerge</subfield></datafield><datafield ind1=" " ind2=" " tag="993"><subfield code="a">MHR E Oec 13(24)</subfield><subfield code="x">ge/mhr-/507</subfield><subfield code="9">LOCAL</subfield></datafield></record>
</metadata></record>