<record><header><identifier>oai:alma.41SLSP_UGE:991000792839705502</identifier><datestamp>2023-04-08T00:11:11Z</datestamp><setSpec>uge_bcen_RapidILL_BOOK</setSpec><setSpec>uge_aaca_RapidILL_BOOK</setSpec><setSpec>uge_abels_RapidILL_BOOK</setSpec><setSpec>uge_dbu_RapidILL_BOOK</setSpec><setSpec>uge_cmu_RapidILL_BOOK</setSpec><setSpec>uge_mail_RapidILL_BOOK</setSpec><setSpec>uge_abbat_RapidILL_BOOK</setSpec><setSpec>UNIGE_ALL</setSpec><setSpec>uge_acar_RapidILL_BOOK</setSpec><setSpec>uge_aobs_RapidILL_BOOK</setSpec></header><metadata>
<record xmlns="http://www.loc.gov/MARC21/slim" xmlns:xsi="http://www.w3.org/2001/XMLSchema-instance" xsi:schemaLocation="http://www.loc.gov/MARC21/slim http://www.loc.gov/standards/marcxml/schema/MARC21slim.xsd"><leader>01805nam a2200373 c 4500</leader><controlfield tag="001">991000792839705502</controlfield><controlfield tag="005">20230407210951.0</controlfield><controlfield tag="008">130116s2011    fr ||||| |||| 00| ||fre d</controlfield><datafield ind1=" " ind2=" " tag="020"><subfield code="a">2842699165</subfield><subfield code="q">br</subfield></datafield><datafield ind1=" " ind2=" " tag="020"><subfield code="a">9782842699161</subfield><subfield code="q">br</subfield></datafield><datafield ind1="7" ind2=" " tag="024"><subfield code="a">http://catalogue.bnf.fr/ark:/12148/cb425467375</subfield><subfield code="2">uri</subfield></datafield><datafield ind1=" " ind2=" " tag="035"><subfield code="a">(swissbib)11687208X-41slsp_network</subfield></datafield><datafield ind1=" " ind2=" " tag="035"><subfield code="a">11687208X</subfield><subfield code="9">ExL</subfield></datafield><datafield ind1=" " ind2=" " tag="035"><subfield code="a">(RERO)R007217831-41slsp</subfield></datafield><datafield ind1=" " ind2=" " tag="035"><subfield code="a">(EXLNZ-41SLSP_NETWORK)991094236019705501</subfield></datafield><datafield ind1=" " ind2=" " tag="040"><subfield code="a">BDF</subfield><subfield code="d">CH-ZuSLS</subfield></datafield><datafield ind1="1" ind2=" " tag="041"><subfield code="a">fre</subfield><subfield code="a">eng</subfield><subfield code="h">fre</subfield></datafield><datafield ind1=" " ind2="7" tag="072"><subfield code="a">ar</subfield><subfield code="2">rero</subfield></datafield><datafield ind1="1" ind2="4" tag="082"><subfield code="a">709.011 3</subfield><subfield code="2">22</subfield></datafield><datafield ind1="0" ind2="0" tag="245"><subfield code="a">&lt;&lt;Les&gt;&gt; abris ornés de Laas Geel et l'art rupestre du Somaliland</subfield><subfield code="b">= The decorated shelters of Laas Geel and the rock art of Somaliland</subfield><subfield code="c">sous la dir. de Xavier Gutherz ... [et al.]; avec la participation de Régis Bernard ... [et al.]</subfield></datafield><datafield ind1="1" ind2=" " tag="246"><subfield code="a">decorated shelters of Laas Geel and the rock art of Somaliland</subfield></datafield><datafield ind1=" " ind2="1" tag="264"><subfield code="a">Montpellier</subfield><subfield code="b">Presses universitaires de la Méditerranée</subfield><subfield code="c">impr. 2011</subfield></datafield><datafield ind1=" " ind2=" " tag="300"><subfield code="a">31 p.</subfield><subfield code="b">ill. en coul., plans, cartes</subfield></datafield><datafield ind1=" " ind2=" " tag="336"><subfield code="b">txt</subfield><subfield code="2">rdacontent</subfield></datafield><datafield ind1=" " ind2=" " tag="337"><subfield code="b">n</subfield><subfield code="2">rdamedia</subfield></datafield><datafield ind1=" " ind2=" " tag="338"><subfield code="b">nc</subfield><subfield code="2">rdacarrier</subfield></datafield><datafield ind1=" " ind2=" " tag="500"><subfield code="a">Mention parallèle de titre ou de responsabilité : The decorated shelters of Laas Geel and the rock art of Somaliland / edited by Xavier Gutherz and Luc Jallot ; with the participation of Régis Bernard, Jean-Paul Cros, Roger Joussaume ... [et al.] ; English translation, Alan and Mélanie de Quincey</subfield></datafield><datafield ind1=" " ind2="7" tag="650"><subfield code="a">Art pariétal</subfield><subfield code="0">(IDREF)027280543</subfield><subfield code="2">idref</subfield></datafield><datafield ind1=" " ind2="7" tag="650"><subfield code="a">Abris-sous-roche</subfield><subfield code="0">(IDREF)061618322</subfield><subfield code="2">idref</subfield></datafield><datafield ind1=" " ind2="7" tag="651"><subfield code="a">Somalie britannique</subfield><subfield code="0">(IDREF)050665782</subfield><subfield code="2">idref</subfield></datafield><datafield ind1="1" ind2=" " tag="700"><subfield code="a">Gutherz, Xavier</subfield><subfield code="0">(IDREF)077813405</subfield></datafield><datafield ind1="1" ind2=" " tag="700"><subfield code="a">Bernard, Régis</subfield><subfield code="0">(RERO)A002996458</subfield></datafield><datafield ind1="4" ind2="2" tag="856"><subfield code="u">http://catalogue.bnf.fr/ark:/12148/cb425467375</subfield></datafield><datafield ind1=" " ind2=" " tag="900"><subfield code="a">REROnoselfmerge</subfield></datafield><datafield ind1=" " ind2=" " tag="910"><subfield code="a">OCoLC</subfield><subfield code="b">20130116</subfield><subfield code="c">Droits réservés</subfield></datafield></record>
</metadata></record>