<record><header><identifier>oai:alma.41SLSP_UGE:991000792109705502</identifier><datestamp>2024-03-15T01:21:29Z</datestamp><setSpec>uge_bcen_RapidILL_BOOK</setSpec><setSpec>uge_aaca_RapidILL_BOOK</setSpec><setSpec>uge_abels_RapidILL_BOOK</setSpec><setSpec>uge_dbu_RapidILL_BOOK</setSpec><setSpec>uge_cmu_RapidILL_BOOK</setSpec><setSpec>uge_mail_RapidILL_BOOK</setSpec><setSpec>uge_abbat_RapidILL_BOOK</setSpec><setSpec>UNIGE_ALL</setSpec><setSpec>uge_acar_RapidILL_BOOK</setSpec><setSpec>uge_aobs_RapidILL_BOOK</setSpec></header><metadata>
<record xmlns="http://www.loc.gov/MARC21/slim" xmlns:xsi="http://www.w3.org/2001/XMLSchema-instance" xsi:schemaLocation="http://www.loc.gov/MARC21/slim http://www.loc.gov/standards/marcxml/schema/MARC21slim.xsd"><leader>00882nam a22002657c 4500</leader><controlfield tag="001">991000792109705502</controlfield><controlfield tag="005">20240314214132.0</controlfield><controlfield tag="007">h| ||||||||||</controlfield><controlfield tag="008">110122s1628    it |||||b|||| 00| ||ita d</controlfield><datafield ind1=" " ind2=" " tag="035"><subfield code="a">(swissbib)113568444-41slsp_network</subfield></datafield><datafield ind1=" " ind2=" " tag="035"><subfield code="a">113568444</subfield><subfield code="9">ExL</subfield></datafield><datafield ind1=" " ind2=" " tag="035"><subfield code="a">(RERO)R006022260-41slsp</subfield></datafield><datafield ind1=" " ind2=" " tag="035"><subfield code="a">(EXLNZ-41SLSP_NETWORK)991112869659705501</subfield></datafield><datafield ind1=" " ind2=" " tag="040"><subfield code="a">RERO geulmu</subfield><subfield code="d">CH-ZuSLS</subfield></datafield><datafield ind1=" " ind2="7" tag="072"><subfield code="a">mu</subfield><subfield code="2">rero</subfield></datafield><datafield ind1="1" ind2=" " tag="100"><subfield code="a">Frescobaldi, Girolamo</subfield><subfield code="d">1583-1643</subfield><subfield code="0">(IDREF)027663159</subfield><subfield code="4">cre</subfield></datafield><datafield ind1="1" ind2="0" tag="245"><subfield code="a">Canzoni da sonare... Libro primo (Vincenti, 1634, London)</subfield><subfield code="c">Girolamo Frescobaldi</subfield></datafield><datafield ind1=" " ind2="1" tag="264"><subfield code="a">Roma</subfield><subfield code="b">Robletti</subfield><subfield code="c">1628</subfield></datafield><datafield ind1=" " ind2=" " tag="300"><subfield code="a">1 microfilm</subfield></datafield><datafield ind1=" " ind2=" " tag="336"><subfield code="b">txt</subfield><subfield code="2">rdacontent</subfield></datafield><datafield ind1=" " ind2=" " tag="337"><subfield code="b">h</subfield><subfield code="2">rdamedia</subfield></datafield><datafield ind1=" " ind2=" " tag="500"><subfield code="a">Exemplaire de London, Royal college of music</subfield></datafield><datafield ind1=" " ind2=" " tag="500"><subfield code="a">Fonds de l'Accademia dei Dissonanti</subfield></datafield><datafield ind1=" " ind2=" " tag="500"><subfield code="a">Parties séparées</subfield></datafield><datafield ind1="0" ind2=" " tag="505"><subfield code="a">[Canzoni. Primo libro (Vincenti 1634)]</subfield></datafield><datafield ind1=" " ind2=" " tag="900"><subfield code="a">REROswissbibnomerge</subfield></datafield></record>
</metadata></record>