<record><header><identifier>oai:alma.41SLSP_UGE:991000792529705502</identifier><datestamp>2023-04-13T00:11:36Z</datestamp><setSpec>uge_bcen_RapidILL_BOOK</setSpec><setSpec>uge_aaca_RapidILL_BOOK</setSpec><setSpec>uge_abels_RapidILL_BOOK</setSpec><setSpec>uge_dbu_RapidILL_BOOK</setSpec><setSpec>uge_cmu_RapidILL_BOOK</setSpec><setSpec>uge_mail_RapidILL_BOOK</setSpec><setSpec>uge_abbat_RapidILL_BOOK</setSpec><setSpec>UNIGE_ALL</setSpec><setSpec>uge_aobs_RapidILL_BOOK</setSpec><setSpec>uge_acar_RapidILL_BOOK</setSpec></header><metadata>
<record xmlns="http://www.loc.gov/MARC21/slim" xmlns:xsi="http://www.w3.org/2001/XMLSchema-instance" xsi:schemaLocation="http://www.loc.gov/MARC21/slim http://www.loc.gov/standards/marcxml/schema/MARC21slim.xsd"><leader>01390nam a2200301 c 4500</leader><controlfield tag="001">991000792529705502</controlfield><controlfield tag="005">20230227194426.0</controlfield><controlfield tag="008">141007s2013    fr ||||| |||| 00| ||fre d</controlfield><datafield ind1=" " ind2=" " tag="035"><subfield code="a">(swissbib)120728370-41slsp_network</subfield></datafield><datafield ind1=" " ind2=" " tag="035"><subfield code="a">120728370</subfield><subfield code="9">ExL</subfield></datafield><datafield ind1=" " ind2=" " tag="035"><subfield code="a">(RERO)R007900703-41slsp</subfield></datafield><datafield ind1=" " ind2=" " tag="035"><subfield code="a">(EXLNZ-41SLSP_NETWORK)991107611919705501</subfield></datafield><datafield ind1=" " ind2=" " tag="040"><subfield code="a">RERO geufpe</subfield><subfield code="d">CH-ZuSLS</subfield></datafield><datafield ind1=" " ind2="7" tag="072"><subfield code="a">pe</subfield><subfield code="2">rero</subfield></datafield><datafield ind1="0" ind2="0" tag="245"><subfield code="a">Lecture au CP</subfield><subfield code="b">un effet-manuel considérable : rapport de recherche</subfield><subfield code="c">sous la responsabilité scientifique de Jérôme Deauvieau ; avec la collab. de Odile Espinoza ... [et al.] ; Laboratoire Printemps - Univ. de Versailles Saint Quentin en Yvelines - CNRS</subfield></datafield><datafield ind1=" " ind2="1" tag="264"><subfield code="a">Guyancourt</subfield><subfield code="b">Univ. de Versailles St Quentin en Yvelines</subfield><subfield code="c">2013</subfield></datafield><datafield ind1=" " ind2=" " tag="300"><subfield code="a">42 f.</subfield><subfield code="b">ill.</subfield></datafield><datafield ind1=" " ind2=" " tag="336"><subfield code="b">txt</subfield><subfield code="2">rdacontent</subfield></datafield><datafield ind1=" " ind2=" " tag="337"><subfield code="b">n</subfield><subfield code="2">rdamedia</subfield></datafield><datafield ind1=" " ind2=" " tag="338"><subfield code="b">nc</subfield><subfield code="2">rdacarrier</subfield></datafield><datafield ind1=" " ind2="7" tag="650"><subfield code="a">Lecture</subfield><subfield code="0">(IDREF)027662594</subfield><subfield code="2">idref</subfield></datafield><datafield ind1=" " ind2="7" tag="650"><subfield code="a">Étude et enseignement (primaire)</subfield><subfield code="0">(IDREF)027790649</subfield><subfield code="2">idref</subfield></datafield><datafield ind1=" " ind2="7" tag="650"><subfield code="a">Psychologie de l'apprentissage</subfield><subfield code="0">(IDREF)027300218</subfield><subfield code="2">idref</subfield></datafield><datafield ind1=" " ind2="7" tag="655"><subfield code="a">Rapports d'activité</subfield><subfield code="0">(IDREF)165737956</subfield><subfield code="2">idref</subfield></datafield><datafield ind1="1" ind2=" " tag="700"><subfield code="a">Deauvieau, Jérôme</subfield><subfield code="c">sociologue</subfield><subfield code="d">1975-....</subfield><subfield code="0">(IDREF)094644837</subfield></datafield><datafield ind1="1" ind2=" " tag="700"><subfield code="a">Espinoza, Odile</subfield><subfield code="0">(IDREF)142727121</subfield></datafield><datafield ind1="2" ind2=" " tag="710"><subfield code="a">Laboratoire PRINTEMPS</subfield><subfield code="g">Guyancourt, Yvelines</subfield><subfield code="g">1995-....</subfield><subfield code="0">(IDREF)067723756</subfield></datafield><datafield ind1="4" ind2="1" tag="856"><subfield code="3">Texte intégral</subfield><subfield code="u">http://www.uvsq.fr/medias/fichier/rapport-enquete-lecture_1384503420148-pdf</subfield></datafield><datafield ind1=" " ind2=" " tag="900"><subfield code="a">REROnoselfmerge</subfield></datafield></record>
</metadata></record>