<record><header><identifier>oai:alma.41SLSP_UGE:991000793049705502</identifier><datestamp>2023-03-01T01:09:42Z</datestamp><setSpec>uge_bcen_RapidILL_BOOK</setSpec><setSpec>uge_aaca_RapidILL_BOOK</setSpec><setSpec>uge_abels_RapidILL_BOOK</setSpec><setSpec>uge_dbu_RapidILL_BOOK</setSpec><setSpec>uge_cmu_RapidILL_BOOK</setSpec><setSpec>uge_mail_RapidILL_BOOK</setSpec><setSpec>UNIGE_ALL</setSpec><setSpec>uge_abbat_RapidILL_BOOK</setSpec><setSpec>uge_aobs_RapidILL_BOOK</setSpec><setSpec>uge_acar_RapidILL_BOOK</setSpec></header><metadata>
<record xmlns="http://www.loc.gov/MARC21/slim" xmlns:xsi="http://www.w3.org/2001/XMLSchema-instance" xsi:schemaLocation="http://www.loc.gov/MARC21/slim http://www.loc.gov/standards/marcxml/schema/MARC21slim.xsd"><leader>01042nam a2200313 c 4500</leader><controlfield tag="001">991000793049705502</controlfield><controlfield tag="005">20210207114331.0</controlfield><controlfield tag="008">040806s2001    xxu||||| |||| 00| ||eng d</controlfield><datafield ind1=" " ind2=" " tag="020"><subfield code="a">0821835165</subfield></datafield><datafield ind1=" " ind2=" " tag="035"><subfield code="a">(swissbib)100885330-41slsp_network</subfield></datafield><datafield ind1=" " ind2=" " tag="035"><subfield code="a">100885330</subfield><subfield code="9">ExL</subfield></datafield><datafield ind1=" " ind2=" " tag="035"><subfield code="a">(RERO)R003682649-41slsp</subfield></datafield><datafield ind1=" " ind2=" " tag="035"><subfield code="a">(EXLNZ-41SLSP_NETWORK)991026413819705501</subfield></datafield><datafield ind1=" " ind2=" " tag="040"><subfield code="a">RERO geussm</subfield><subfield code="d">CH-ZuSLS</subfield></datafield><datafield ind1=" " ind2="7" tag="072"><subfield code="a">ma</subfield><subfield code="2">rero</subfield></datafield><datafield ind1=" " ind2=" " tag="084"><subfield code="a">10</subfield><subfield code="2">msc</subfield></datafield><datafield ind1=" " ind2=" " tag="084"><subfield code="a">22</subfield><subfield code="2">msc</subfield></datafield><datafield ind1="1" ind2=" " tag="100"><subfield code="a">Cogdell, James W.</subfield><subfield code="0">(RERO)A003113991</subfield><subfield code="4">cre</subfield></datafield><datafield ind1="1" ind2="0" tag="245"><subfield code="a">Lectures on automorphic L-functions</subfield><subfield code="c">James W. Cogdell, Henry H. Kim, M. Ram Murty</subfield></datafield><datafield ind1=" " ind2="1" tag="264"><subfield code="a">Providence R.I.</subfield><subfield code="b">American Mathematical Society</subfield><subfield code="c">[2004]</subfield></datafield><datafield ind1=" " ind2="4" tag="264"><subfield code="c">© 2004</subfield></datafield><datafield ind1=" " ind2=" " tag="300"><subfield code="a">XII, 283 p.</subfield><subfield code="b">ill.</subfield><subfield code="c">26 cm</subfield></datafield><datafield ind1=" " ind2=" " tag="336"><subfield code="b">txt</subfield><subfield code="2">rdacontent</subfield></datafield><datafield ind1=" " ind2=" " tag="337"><subfield code="b">n</subfield><subfield code="2">rdamedia</subfield></datafield><datafield ind1=" " ind2=" " tag="338"><subfield code="b">nc</subfield><subfield code="2">rdacarrier</subfield></datafield><datafield ind1="1" ind2=" " tag="490"><subfield code="a">Fields Institute monographs</subfield><subfield code="v">20</subfield></datafield><datafield ind1="1" ind2=" " tag="700"><subfield code="a">Kim, Henry Hyeongsin</subfield><subfield code="d">1964-....</subfield><subfield code="0">(IDREF)16197967X</subfield></datafield><datafield ind1="1" ind2=" " tag="700"><subfield code="a">Murty, Maruti Ram</subfield><subfield code="d">1953-....</subfield><subfield code="0">(IDREF)03309182X</subfield></datafield><datafield ind1=" " ind2="0" tag="830"><subfield code="a">Fields Institute monographs</subfield><subfield code="v">20</subfield><subfield code="w">(RERO)2040702-41slsp</subfield></datafield><datafield ind1=" " ind2=" " tag="900"><subfield code="a">REROnoselfmerge</subfield></datafield></record>
</metadata></record>