<record><header><identifier>oai:alma.41SLSP_UGE:991000768719705502</identifier><datestamp>2023-04-10T00:16:07Z</datestamp><setSpec>uge_bcen_RapidILL_BOOK</setSpec><setSpec>uge_aaca_RapidILL_BOOK</setSpec><setSpec>uge_abels_RapidILL_BOOK</setSpec><setSpec>uge_dbu_RapidILL_BOOK</setSpec><setSpec>uge_cmu_RapidILL_BOOK</setSpec><setSpec>uge_mail_RapidILL_BOOK</setSpec><setSpec>uge_abbat_RapidILL_BOOK</setSpec><setSpec>UNIGE_ALL</setSpec><setSpec>uge_acar_RapidILL_BOOK</setSpec><setSpec>uge_aobs_RapidILL_BOOK</setSpec></header><metadata>
<record xmlns="http://www.loc.gov/MARC21/slim" xmlns:xsi="http://www.w3.org/2001/XMLSchema-instance" xsi:schemaLocation="http://www.loc.gov/MARC21/slim http://www.loc.gov/standards/marcxml/schema/MARC21slim.xsd"><leader>01074naa a2200277 c 4500</leader><controlfield tag="001">991000768719705502</controlfield><controlfield tag="005">20230409171823.0</controlfield><controlfield tag="008">921023s1989    gw ||||| |||| 00| ||ger d</controlfield><datafield ind1=" " ind2=" " tag="035"><subfield code="a">(swissbib)086989510-41slsp_network</subfield></datafield><datafield ind1=" " ind2=" " tag="035"><subfield code="a">086989510</subfield><subfield code="9">ExL</subfield></datafield><datafield ind1=" " ind2=" " tag="035"><subfield code="a">(RERO)1593971-41slsp</subfield></datafield><datafield ind1=" " ind2=" " tag="035"><subfield code="a">(EXLNZ-41SLSP_NETWORK)991112421739705501</subfield></datafield><datafield ind1=" " ind2=" " tag="040"><subfield code="a">RERO geubfd</subfield><subfield code="d">CH-ZuSLS</subfield></datafield><datafield ind1=" " ind2="7" tag="072"><subfield code="a">dr</subfield><subfield code="2">rero</subfield></datafield><datafield ind1=" " ind2=" " tag="084"><subfield code="a">CA/D 90 i</subfield><subfield code="2">cjurrom</subfield></datafield><datafield ind1="1" ind2=" " tag="100"><subfield code="a">Eyrich, Heinz</subfield><subfield code="0">(RERO)A003227542</subfield><subfield code="4">cre</subfield></datafield><datafield ind1="1" ind2="0" tag="245"><subfield code="a">Gedanken zur Bewährungs- und Straffälligenhilfe in Europa</subfield><subfield code="c">Heinz Eyrich</subfield></datafield><datafield ind1=" " ind2=" " tag="336"><subfield code="b">txt</subfield><subfield code="2">rdacontent</subfield></datafield><datafield ind1=" " ind2=" " tag="337"><subfield code="b">n</subfield><subfield code="2">rdamedia</subfield></datafield><datafield ind1=" " ind2=" " tag="338"><subfield code="b">nc</subfield><subfield code="2">rdacarrier</subfield></datafield><datafield ind1=" " ind2=" " tag="580"><subfield code="a">In: Festschrift für Kurt Rebmann zum 65. Geburtstag. - München : C.H. Beck, 1989. - P. 181-198</subfield></datafield><datafield ind1=" " ind2="7" tag="650"><subfield code="a">Criminalité</subfield><subfield code="0">(IDREF)048655600</subfield><subfield code="2">idref</subfield></datafield><datafield ind1=" " ind2="7" tag="650"><subfield code="a">Aide sociale</subfield><subfield code="0">(IDREF)027344657</subfield><subfield code="2">idref</subfield></datafield><datafield ind1=" " ind2="7" tag="650"><subfield code="a">Sursis (droit pénal)</subfield><subfield code="0">(IDREF)027738167</subfield><subfield code="2">idref</subfield></datafield><datafield ind1=" " ind2="7" tag="651"><subfield code="a">Allemagne</subfield><subfield code="0">(IDREF)027218856</subfield><subfield code="2">idref</subfield></datafield><datafield ind1="0" ind2=" " tag="773"><subfield code="t">Festschrift für Kurt Rebmann zum 65. Geburtstag</subfield><subfield code="g">P. 181-198</subfield><subfield code="w">(RERO)1134220-41slsp</subfield></datafield><datafield ind1=" " ind2=" " tag="900"><subfield code="a">REROnoselfmerge</subfield></datafield></record>
</metadata></record>