<record><header><identifier>oai:alma.41SLSP_UGE:991000769239705502</identifier><datestamp>2024-11-15T01:10:15Z</datestamp><setSpec>uge_bcen_RapidILL_BOOK</setSpec><setSpec>uge_aaca_RapidILL_BOOK</setSpec><setSpec>uge_abels_RapidILL_BOOK</setSpec><setSpec>uge_dbu_RapidILL_BOOK</setSpec><setSpec>uge_cmu_RapidILL_BOOK</setSpec><setSpec>uge_mail_RapidILL_BOOK</setSpec><setSpec>uge_abbat_RapidILL_BOOK</setSpec><setSpec>UNIGE_ALL</setSpec><setSpec>uge_acar_RapidILL_BOOK</setSpec><setSpec>uge_aobs_RapidILL_BOOK</setSpec></header><metadata>
<record xmlns="http://www.loc.gov/MARC21/slim" xmlns:xsi="http://www.w3.org/2001/XMLSchema-instance" xsi:schemaLocation="http://www.loc.gov/MARC21/slim http://www.loc.gov/standards/marcxml/schema/MARC21slim.xsd"><leader>02250nam a2200553 c 4500</leader><controlfield tag="001">991000769239705502</controlfield><controlfield tag="005">20241115010236.0</controlfield><controlfield tag="008">201011s1977    sz ||||| |||| 00| ||ger d</controlfield><datafield ind1=" " ind2=" " tag="035"><subfield code="a">(swissbib)225142597-41slsp_network</subfield></datafield><datafield ind1=" " ind2=" " tag="035"><subfield code="a">225142597</subfield><subfield code="9">ExL</subfield></datafield><datafield ind1=" " ind2=" " tag="035"><subfield code="a">(RERO)0146349-41slsp</subfield></datafield><datafield ind1=" " ind2=" " tag="035"><subfield code="a">(IDSBB)000462645DSV01</subfield></datafield><datafield ind1=" " ind2=" " tag="035"><subfield code="a">(NEBIS)000156585EBI01</subfield></datafield><datafield ind1=" " ind2=" " tag="035"><subfield code="a">(IDSLU)000669638ILU01</subfield></datafield><datafield ind1=" " ind2=" " tag="035"><subfield code="a">(SBT)000495722SBT01</subfield></datafield><datafield ind1=" " ind2=" " tag="035"><subfield code="a">(ABN)000012015ABN01</subfield></datafield><datafield ind1=" " ind2=" " tag="035"><subfield code="a">(EXLNZ-41SLSP_NETWORK)991045390529705501</subfield></datafield><datafield ind1=" " ind2=" " tag="040"><subfield code="a">RERO</subfield><subfield code="d">CH-ZuSLS</subfield></datafield><datafield ind1=" " ind2="7" tag="072"><subfield code="a">ba</subfield><subfield code="2">rero</subfield></datafield><datafield ind1=" " ind2="7" tag="072"><subfield code="a">kh</subfield><subfield code="2">SzZuIDS BS/BE</subfield></datafield><datafield ind1=" " ind2="7" tag="072"><subfield code="a">at</subfield><subfield code="2">rero</subfield></datafield><datafield ind1="1" ind2=" " tag="080"><subfield code="a">7(494)</subfield></datafield><datafield ind1="0" ind2="4" tag="082"><subfield code="a">914.94/3</subfield><subfield code="2">19</subfield></datafield><datafield ind1="1" ind2=" " tag="100"><subfield code="6">880-01</subfield><subfield code="a">Murbach, Ernst</subfield><subfield code="d">1915-1995</subfield><subfield code="0">(DE-588)132095459</subfield><subfield code="e">Verfasser</subfield><subfield code="4">aut</subfield></datafield><datafield ind1="1" ind2=" " tag="880"><subfield code="6">100-01</subfield><subfield code="a">Murbach, Ernst</subfield><subfield code="0">(RERO)A003619241</subfield><subfield code="4">aut</subfield></datafield><datafield ind1="1" ind2="0" tag="245"><subfield code="a">Peterskirche in Basel</subfield><subfield code="c">Ernst Murbach</subfield></datafield><datafield ind1=" " ind2="1" tag="264"><subfield code="a">Basel</subfield><subfield code="b">Gesellschaft für Schweizerische Kunstgeschichte</subfield><subfield code="c">1977</subfield></datafield><datafield ind1=" " ind2=" " tag="300"><subfield code="a">19 p.</subfield><subfield code="b">fig.</subfield><subfield code="c">20 cm</subfield></datafield><datafield ind1=" " ind2=" " tag="336"><subfield code="b">txt</subfield><subfield code="2">rdacontent</subfield></datafield><datafield ind1=" " ind2=" " tag="337"><subfield code="b">n</subfield><subfield code="2">rdamedia</subfield></datafield><datafield ind1=" " ind2=" " tag="338"><subfield code="b">nc</subfield><subfield code="2">rdacarrier</subfield></datafield><datafield ind1="1" ind2=" " tag="490"><subfield code="a">Schweizerische Kunstführer</subfield><subfield code="v">[211]</subfield></datafield><datafield ind1="1" ind2="7" tag="600"><subfield code="a">Bruder, Ulrich</subfield><subfield code="d">15./16. Jht.</subfield><subfield code="0">(DE-588)1089398298</subfield><subfield code="2">gnd</subfield></datafield><datafield ind1="2" ind2="0" tag="610"><subfield code="a">Peterskirche (Basel : Switzerland)</subfield></datafield><datafield ind1=" " ind2="7" tag="650"><subfield code="a">Églises protestantes (constructions)</subfield><subfield code="0">(IDREF)027876098</subfield><subfield code="2">idref</subfield></datafield><datafield ind1=" " ind2="7" tag="650"><subfield code="a">KIRCHEN (ARCHITEKTUR)</subfield><subfield code="9">ger</subfield><subfield code="0">(ETHUDK)000035647</subfield><subfield code="2">ethudk</subfield></datafield><datafield ind1=" " ind2="7" tag="650"><subfield code="a">SCHWEIZ (MITTELEUROPA). SCHWEIZERISCHE EIDGENOSSENSCHAFT</subfield><subfield code="9">ger</subfield><subfield code="0">(ETHUDK)000004571</subfield><subfield code="2">ethudk</subfield></datafield><datafield ind1=" " ind2="0" tag="650"><subfield code="a">Mural painting and decoration, German</subfield><subfield code="z">Switzerland</subfield><subfield code="z">Basel</subfield></datafield><datafield ind1=" " ind2="0" tag="650"><subfield code="a">Mural painting and decoration, Gothic</subfield><subfield code="z">Switzerland</subfield><subfield code="z">Basel</subfield></datafield><datafield ind1=" " ind2="0" tag="650"><subfield code="a">Mural painting and decoration, Renaissance</subfield><subfield code="z">Switzerland</subfield><subfield code="z">Basel</subfield></datafield><datafield ind1=" " ind2="7" tag="650"><subfield code="a">Peterskirche (Basilea)</subfield><subfield code="x">Guide artistiche</subfield><subfield code="2">sbt12</subfield></datafield><datafield ind1=" " ind2="7" tag="651"><subfield code="a">Bâle (Suisse, ville) - Peterskirche</subfield><subfield code="0">(RERO)A010048482</subfield><subfield code="2">rero</subfield></datafield><datafield ind1=" " ind2="7" tag="655"><subfield code="a">Kunstführer</subfield><subfield code="2">gnd-content</subfield></datafield><datafield ind1=" " ind2=" " tag="690"><subfield code="a">Basel - Architektur - St. Peter</subfield><subfield code="2">ubs-A5</subfield></datafield><datafield ind1=" " ind2=" " tag="690"><subfield code="a">Basel / Kunst / Bauten / Kirchen und Klöster</subfield><subfield code="2">uzb-Z9</subfield></datafield><datafield ind1=" " ind2=" " tag="690"><subfield code="a">Basel. Peterskirche</subfield><subfield code="2">uzb-US</subfield></datafield><datafield ind1=" " ind2="0" tag="830"><subfield code="a">Schweizerische Kunstführer</subfield><subfield code="v">211</subfield><subfield code="w">(NEBIS)000022630EBI01</subfield></datafield><datafield ind1=" " ind2="0" tag="830"><subfield code="a">Guide di monumenti svizzeri</subfield><subfield code="w">(SBT)000000604SBT01</subfield></datafield><datafield ind1=" " ind2=" " tag="900"><subfield code="a">REROnoselfmerge</subfield></datafield><datafield ind1=" " ind2=" " tag="900"><subfield code="a">IDSERMedeaSIK</subfield></datafield><datafield ind1=" " ind2=" " tag="993"><subfield code="a">BFLA 78572/211</subfield><subfield code="x">ge/ulha/a/89</subfield><subfield code="9">LOCAL</subfield></datafield></record>
</metadata></record>