<record><header><identifier>oai:alma.41SLSP_UGE:991000768819705502</identifier><datestamp>2024-10-28T01:06:39Z</datestamp><setSpec>uge_bcen_RapidILL_BOOK</setSpec><setSpec>uge_aaca_RapidILL_BOOK</setSpec><setSpec>uge_abels_RapidILL_BOOK</setSpec><setSpec>uge_dbu_RapidILL_BOOK</setSpec><setSpec>uge_cmu_RapidILL_BOOK</setSpec><setSpec>uge_mail_RapidILL_BOOK</setSpec><setSpec>uge_abbat_RapidILL_BOOK</setSpec><setSpec>UNIGE_ALL</setSpec><setSpec>uge_aobs_RapidILL_BOOK</setSpec><setSpec>uge_acar_RapidILL_BOOK</setSpec></header><metadata>
<record xmlns="http://www.loc.gov/MARC21/slim" xmlns:xsi="http://www.w3.org/2001/XMLSchema-instance" xsi:schemaLocation="http://www.loc.gov/MARC21/slim http://www.loc.gov/standards/marcxml/schema/MARC21slim.xsd"><leader>02076nam a2200349 c 4500</leader><controlfield tag="001">991000768819705502</controlfield><controlfield tag="005">20230327174649.0</controlfield><controlfield tag="008">070831s2007    fr ||||| |||| 00| ||fre d</controlfield><datafield ind1=" " ind2=" " tag="035"><subfield code="a">(swissbib)105756946-41slsp_network</subfield></datafield><datafield ind1=" " ind2=" " tag="035"><subfield code="a">105756946</subfield><subfield code="9">ExL</subfield></datafield><datafield ind1=" " ind2=" " tag="035"><subfield code="a">(RERO)R004536097-41slsp</subfield></datafield><datafield ind1=" " ind2=" " tag="035"><subfield code="a">(ALEX)bv001367430</subfield></datafield><datafield ind1=" " ind2=" " tag="035"><subfield code="a">(EXLNZ-41SLSP_NETWORK)991040333319705501</subfield></datafield><datafield ind1=" " ind2=" " tag="040"><subfield code="a">RERO neubfl</subfield><subfield code="d">CH-ZuSLS</subfield></datafield><datafield ind1=" " ind2="7" tag="072"><subfield code="a">so</subfield><subfield code="2">rero</subfield></datafield><datafield ind1=" " ind2="7" tag="072"><subfield code="a">se</subfield><subfield code="2">rero</subfield></datafield><datafield ind1="1" ind2=" " tag="080"><subfield code="a">316.346.32-053.9</subfield></datafield><datafield ind1="0" ind2=" " tag="082"><subfield code="a">305.26</subfield><subfield code="2">23</subfield></datafield><datafield ind1="0" ind2="0" tag="245"><subfield code="a">&lt;&lt;Le&gt;&gt; vieillissement en Europe</subfield><subfield code="b">aspects biologiques, économiques et sociaux</subfield><subfield code="c">sous la dir. de Thomas Barnay ... [et al.]</subfield></datafield><datafield ind1=" " ind2="1" tag="264"><subfield code="a">Paris</subfield><subfield code="b">La Documentation française</subfield><subfield code="c">2007</subfield></datafield><datafield ind1=" " ind2=" " tag="300"><subfield code="a">188 p.</subfield><subfield code="b">ill.</subfield></datafield><datafield ind1=" " ind2=" " tag="336"><subfield code="b">txt</subfield><subfield code="2">rdacontent</subfield></datafield><datafield ind1=" " ind2=" " tag="337"><subfield code="b">n</subfield><subfield code="2">rdamedia</subfield></datafield><datafield ind1=" " ind2=" " tag="338"><subfield code="b">nc</subfield><subfield code="2">rdacarrier</subfield></datafield><datafield ind1="1" ind2=" " tag="490"><subfield code="a">Les études de la Documentation française</subfield><subfield code="v">no 5256</subfield></datafield><datafield ind1="0" ind2=" " tag="505"><subfield code="a">1. Situation démographique : Vieillissement en Europe à l'horizon 2050 : apports et limites des projections. - 2. État de santé : Niveau de la mortalité et causes de décès des personnes âgées dans les pays de l'UE ; Pathologies et facteurs de risque chez les personnes âgées ; Dépendance, incapacités, handicap ; À la recherche d'une théorie générale sur le vieillissement de la population. - 3. Vieillissement et société : Vivre à l'heure de la retraite : diversités et similitudes ; Solidarités familiales ; La place des seniors dans l'emploi. - 4. Vieillissement et politiques publiques : Les systèmes de retraites face au vieillissement ; Vieillissement et dépenses de santé ; Les différents modèles de prise en charge de la dépendance</subfield></datafield><datafield ind1=" " ind2="7" tag="650"><subfield code="a">Vieillissement</subfield><subfield code="0">(IDREF)027346811</subfield><subfield code="2">idref</subfield></datafield><datafield ind1=" " ind2="7" tag="650"><subfield code="a">Politique sociale</subfield><subfield code="0">(IDREF)027274292</subfield><subfield code="2">idref</subfield></datafield><datafield ind1=" " ind2="7" tag="650"><subfield code="a">Vieillissement de la population</subfield><subfield code="0">(IDREF)029342228</subfield><subfield code="2">idref</subfield></datafield><datafield ind1=" " ind2="7" tag="651"><subfield code="a">Europe</subfield><subfield code="0">(IDREF)027224651</subfield><subfield code="2">idref</subfield></datafield><datafield ind1=" " ind2="7" tag="655"><subfield code="a">[Études diverses]</subfield><subfield code="0">(RERO)A022249905</subfield><subfield code="2">rero</subfield></datafield><datafield ind1="1" ind2=" " tag="700"><subfield code="a">Barnay, Thomas</subfield><subfield code="c">économiste</subfield><subfield code="d">1976-....</subfield><subfield code="0">(IDREF)091306078</subfield></datafield><datafield ind1=" " ind2=" " tag="830"><subfield code="a">&lt;&lt;Les&gt;&gt; études de la Documentation française</subfield><subfield code="p">Revue</subfield><subfield code="v">5256</subfield><subfield code="w">(RERO)R003631866-41slsp</subfield></datafield><datafield ind1=" " ind2=" " tag="900"><subfield code="a">REROnoselfmerge</subfield></datafield></record>
</metadata></record>