<record><header><identifier>oai:alma.41SLSP_UGE:991000768829705502</identifier><datestamp>2024-07-18T00:13:42Z</datestamp><setSpec>uge_bcen_RapidILL_BOOK</setSpec><setSpec>uge_aaca_RapidILL_BOOK</setSpec><setSpec>uge_abels_RapidILL_BOOK</setSpec><setSpec>uge_dbu_RapidILL_BOOK</setSpec><setSpec>uge_cmu_RapidILL_BOOK</setSpec><setSpec>uge_mail_RapidILL_BOOK</setSpec><setSpec>uge_abbat_RapidILL_BOOK</setSpec><setSpec>UNIGE_ALL</setSpec><setSpec>uge_aobs_RapidILL_BOOK</setSpec><setSpec>uge_acar_RapidILL_BOOK</setSpec></header><metadata>
<record xmlns="http://www.loc.gov/MARC21/slim" xmlns:xsi="http://www.w3.org/2001/XMLSchema-instance" xsi:schemaLocation="http://www.loc.gov/MARC21/slim http://www.loc.gov/standards/marcxml/schema/MARC21slim.xsd"><leader>02956nam a2200697 c 4500</leader><controlfield tag="001">991000768829705502</controlfield><controlfield tag="005">20231120110605.0</controlfield><controlfield tag="008">201011s2020    xxu      |||| 000 0 eng| </controlfield><datafield ind1=" " ind2=" " tag="010"><subfield code="a">2019015757</subfield></datafield><datafield ind1=" " ind2=" " tag="020"><subfield code="a">0190697024</subfield></datafield><datafield ind1=" " ind2=" " tag="020"><subfield code="a">9780190697020</subfield><subfield code="q">hardback</subfield></datafield><datafield ind1=" " ind2=" " tag="035"><subfield code="a">(swissbib)224615823-41slsp_network</subfield></datafield><datafield ind1=" " ind2=" " tag="035"><subfield code="a">224615823</subfield><subfield code="9">ExL</subfield></datafield><datafield ind1=" " ind2=" " tag="035"><subfield code="a">(IDSBB)007187608DSV01</subfield></datafield><datafield ind1=" " ind2=" " tag="035"><subfield code="a">(RERO)R009029738-41slsp</subfield></datafield><datafield ind1=" " ind2=" " tag="035"><subfield code="a">(NEBIS)011396753EBI01</subfield></datafield><datafield ind1=" " ind2=" " tag="035"><subfield code="a">(OCoLC)1096213904</subfield></datafield><datafield ind1=" " ind2=" " tag="035"><subfield code="a">(EXLNZ-41SLSP_NETWORK)991072313329705501</subfield></datafield><datafield ind1=" " ind2=" " tag="040"><subfield code="a">DLC</subfield><subfield code="b">ger</subfield><subfield code="e">rda</subfield><subfield code="d">CH-ZuSLS</subfield></datafield><datafield ind1=" " ind2=" " tag="042"><subfield code="a">pcc</subfield></datafield><datafield ind1=" " ind2=" " tag="043"><subfield code="a">e-uk---</subfield></datafield><datafield ind1="0" ind2="0" tag="050"><subfield code="a">ND1452.G75</subfield><subfield code="b">M67 2020</subfield></datafield><datafield ind1=" " ind2="7" tag="072"><subfield code="a">ba</subfield><subfield code="2">rero</subfield></datafield><datafield ind1="0" ind2="0" tag="082"><subfield code="a">759.2</subfield><subfield code="2">23</subfield></datafield><datafield ind1="1" ind2="4" tag="082"><subfield code="a">750</subfield><subfield code="2">15</subfield></datafield><datafield ind1="7" ind2="4" tag="082"><subfield code="a">750</subfield><subfield code="2">23sdnb</subfield></datafield><datafield ind1="1" ind2=" " tag="100"><subfield code="6">880-01</subfield><subfield code="a">Moser, Stefanie</subfield><subfield code="0">(RERO)A017139166</subfield><subfield code="4">aut</subfield></datafield><datafield ind1="1" ind2=" " tag="880"><subfield code="a">Moser, Stephanie</subfield><subfield code="6">100-01/(B</subfield><subfield code="4">aut</subfield><subfield code="0">(DE-588)140804595</subfield></datafield><datafield ind1="1" ind2="0" tag="245"><subfield code="a">Painting antiquity</subfield><subfield code="b">ancient Egypt in the art of Lawrence Alma-Tadema, Edward Poynter and Edwin Long</subfield><subfield code="c">Stephanie Moser</subfield></datafield><datafield ind1=" " ind2="1" tag="264"><subfield code="a">New York</subfield><subfield code="b">Oxford University Press</subfield><subfield code="c">[2020]</subfield></datafield><datafield ind1=" " ind2=" " tag="300"><subfield code="a">xxv, 596 Seiten</subfield><subfield code="b">Illustrationen</subfield><subfield code="c">26 cm</subfield></datafield><datafield ind1=" " ind2=" " tag="336"><subfield code="b">txt</subfield><subfield code="2">rdacontent</subfield></datafield><datafield ind1=" " ind2=" " tag="337"><subfield code="b">n</subfield><subfield code="2">rdamedia</subfield></datafield><datafield ind1=" " ind2=" " tag="338"><subfield code="b">nc</subfield><subfield code="2">rdacarrier</subfield></datafield><datafield ind1="1" ind2="7" tag="600"><subfield code="a">Alma-Tadema, Lawrence</subfield><subfield code="d">1836-1912</subfield><subfield code="0">(DE-588)119004305</subfield><subfield code="2">gnd</subfield></datafield><datafield ind1="1" ind2="7" tag="600"><subfield code="a">Long, Edwin Longsden</subfield><subfield code="d">1829-1891</subfield><subfield code="0">(DE-588)120999048</subfield><subfield code="2">gnd</subfield></datafield><datafield ind1="1" ind2="7" tag="600"><subfield code="a">Poynter, Edward John</subfield><subfield code="d">1836-1919</subfield><subfield code="0">(DE-588)121877604</subfield><subfield code="2">gnd</subfield></datafield><datafield ind1="1" ind2="7" tag="600"><subfield code="a">Alma-Tadema, Lawrence</subfield><subfield code="d">1836-1912</subfield><subfield code="0">(IDREF)031316999</subfield><subfield code="2">idref</subfield></datafield><datafield ind1="1" ind2="7" tag="600"><subfield code="a">Poynter, Edward John</subfield><subfield code="d">1836-1919</subfield><subfield code="0">(IDREF)085102504</subfield><subfield code="2">idref</subfield></datafield><datafield ind1="1" ind2="7" tag="600"><subfield code="a">Long, Edwin Longsden</subfield><subfield code="d">1829-1891</subfield><subfield code="0">(IDREF)050384058</subfield><subfield code="2">idref</subfield></datafield><datafield ind1="1" ind2="0" tag="600"><subfield code="a">Alma-Tadema, Lawrence</subfield><subfield code="d">1836-1912</subfield></datafield><datafield ind1="1" ind2="0" tag="600"><subfield code="a">Poynter, Edward John</subfield><subfield code="d">1836-1919</subfield><subfield code="x">Criticism and interpretation</subfield></datafield><datafield ind1="1" ind2="0" tag="600"><subfield code="a">Long, Edwin Longsden</subfield><subfield code="d">1829-1891</subfield></datafield><datafield ind1=" " ind2="7" tag="650"><subfield code="a">Ägypten</subfield><subfield code="g">Altertum, Motiv</subfield><subfield code="0">(DE-588)4133285-4</subfield><subfield code="2">gnd</subfield></datafield><datafield ind1=" " ind2="7" tag="650"><subfield code="a">Antike</subfield><subfield code="g">Motiv</subfield><subfield code="0">(DE-588)4251540-3</subfield><subfield code="2">gnd</subfield></datafield><datafield ind1=" " ind2="7" tag="650"><subfield code="a">Funde</subfield><subfield code="0">(DE-588)4071507-3</subfield><subfield code="2">gnd</subfield></datafield><datafield ind1=" " ind2="7" tag="650"><subfield code="a">Genremalerei</subfield><subfield code="0">(DE-588)4020173-9</subfield><subfield code="2">gnd</subfield></datafield><datafield ind1=" " ind2="7" tag="650"><subfield code="a">Historienmalerei</subfield><subfield code="0">(DE-588)4025097-0</subfield><subfield code="2">gnd</subfield></datafield><datafield ind1=" " ind2="7" tag="650"><subfield code="a">Motiv</subfield><subfield code="0">(DE-588)4040360-9</subfield><subfield code="2">gnd</subfield></datafield><datafield ind1=" " ind2="7" tag="650"><subfield code="a">Antiquités égyptiennes</subfield><subfield code="0">(IDREF)029241693</subfield><subfield code="2">idref</subfield></datafield><datafield ind1=" " ind2="7" tag="650"><subfield code="a">Thèmes, motifs</subfield><subfield code="0">(IDREF)02778987X</subfield><subfield code="2">idref</subfield></datafield><datafield ind1=" " ind2="0" tag="650"><subfield code="a">Painting, British</subfield><subfield code="y">19th century</subfield><subfield code="x">Themes, motives</subfield></datafield><datafield ind1=" " ind2="0" tag="650"><subfield code="a">Archaeology and art</subfield></datafield><datafield ind1=" " ind2="0" tag="650"><subfield code="a">Antiquities in art</subfield></datafield><datafield ind1="0" ind2="8" tag="776"><subfield code="i">Erscheint auch als</subfield><subfield code="n">Online-Ausgabe, updf</subfield><subfield code="z">9780190697037</subfield></datafield><datafield ind1="0" ind2="8" tag="776"><subfield code="i">Erscheint auch als</subfield><subfield code="n">Online-Ausgabe, epub</subfield><subfield code="z">9780190697044</subfield></datafield><datafield ind1="0" ind2="8" tag="776"><subfield code="i">Erscheint auch als</subfield><subfield code="n">Online-Ausgabe, online</subfield><subfield code="z">9780190697051</subfield></datafield><datafield ind1="4" ind2="2" tag="856"><subfield code="3">Titelblatt und Inhaltsverzeichnis</subfield><subfield code="q">PDF</subfield><subfield code="u">https://urn.ub.unibe.ch/urn:ch:slsp:zbz:9780190697020:ihv:pdf</subfield></datafield><datafield ind1=" " ind2=" " tag="900"><subfield code="a">REROnoselfmerge</subfield></datafield><datafield ind1=" " ind2=" " tag="900"><subfield code="a">OK_GND</subfield><subfield code="x">UZB/Z01/202311/schl</subfield></datafield><datafield ind1=" " ind2=" " tag="900"><subfield code="a">Stoppsignal FRED</subfield><subfield code="x">UZB/Z01/202311</subfield></datafield><datafield ind1=" " ind2=" " tag="949"><subfield code="a">https://urn.ub.unibe.ch/urn:ch:slsp:zbz:9780190697020:ihv:pdf</subfield></datafield><datafield ind1=" " ind2=" " tag="993"><subfield code="a">BFLB 36122</subfield><subfield code="x">ge/ulha/a/20/0610</subfield><subfield code="9">LOCAL</subfield></datafield></record>
</metadata></record>