<record><header><identifier>oai:alma.41SLSP_UGE:991000768619705502</identifier><datestamp>2024-02-12T01:18:31Z</datestamp><setSpec>uge_bcen_RapidILL_BOOK</setSpec><setSpec>uge_aaca_RapidILL_BOOK</setSpec><setSpec>uge_abels_RapidILL_BOOK</setSpec><setSpec>uge_dbu_RapidILL_BOOK</setSpec><setSpec>uge_cmu_RapidILL_BOOK</setSpec><setSpec>uge_mail_RapidILL_BOOK</setSpec><setSpec>uge_abbat_RapidILL_BOOK</setSpec><setSpec>UNIGE_ALL</setSpec><setSpec>uge_acar_RapidILL_BOOK</setSpec><setSpec>uge_aobs_RapidILL_BOOK</setSpec></header><metadata>
<record xmlns="http://www.loc.gov/MARC21/slim" xmlns:xsi="http://www.w3.org/2001/XMLSchema-instance" xsi:schemaLocation="http://www.loc.gov/MARC21/slim http://www.loc.gov/standards/marcxml/schema/MARC21slim.xsd"><leader>01492nam a2200409 c 4500</leader><controlfield tag="001">991000768619705502</controlfield><controlfield tag="005">20230422202927.0</controlfield><controlfield tag="008">201011s1993    fr ||||| |||| 00| ||fre d</controlfield><datafield ind1=" " ind2=" " tag="020"><subfield code="a">2854808495</subfield></datafield><datafield ind1=" " ind2=" " tag="035"><subfield code="a">(swissbib)221551808-41slsp_network</subfield></datafield><datafield ind1=" " ind2=" " tag="035"><subfield code="a">221551808</subfield><subfield code="9">ExL</subfield></datafield><datafield ind1=" " ind2=" " tag="035"><subfield code="a">(RERO)1680811-41slsp</subfield></datafield><datafield ind1=" " ind2=" " tag="035"><subfield code="a">(IDSBB)000923804DSV01</subfield></datafield><datafield ind1=" " ind2=" " tag="035"><subfield code="a">(EXLNZ-41SLSP_NETWORK)991080479739705501</subfield></datafield><datafield ind1=" " ind2=" " tag="040"><subfield code="a">RERO frbcuc</subfield><subfield code="d">CH-ZuSLS</subfield></datafield><datafield ind1=" " ind2="7" tag="072"><subfield code="a">td</subfield><subfield code="2">rero</subfield></datafield><datafield ind1=" " ind2="7" tag="072"><subfield code="a">mm</subfield><subfield code="2">SzZuIDS BS/BE</subfield></datafield><datafield ind1=" " ind2="7" tag="072"><subfield code="a">fl</subfield><subfield code="2">SzZuIDS BS/BE</subfield></datafield><datafield ind1="1" ind2=" " tag="080"><subfield code="a">791.43.01:82</subfield></datafield><datafield ind1="1" ind2="4" tag="082"><subfield code="a">840</subfield><subfield code="2">15</subfield></datafield><datafield ind1="0" ind2="0" tag="245"><subfield code="a">Maupassant à l'écran</subfield><subfield code="c">coordonné par Guy Hennebelle</subfield></datafield><datafield ind1=" " ind2="1" tag="264"><subfield code="a">[Fécamp]</subfield><subfield code="b">Centre culturel de Fécamp</subfield><subfield code="a">Condé-sur-Noireau</subfield><subfield code="b">Corlet [etc.]</subfield><subfield code="c">1993</subfield></datafield><datafield ind1=" " ind2=" " tag="300"><subfield code="a">215 p.</subfield><subfield code="b">ill.</subfield><subfield code="c">24 cm</subfield></datafield><datafield ind1=" " ind2=" " tag="336"><subfield code="b">txt</subfield><subfield code="2">rdacontent</subfield></datafield><datafield ind1=" " ind2=" " tag="337"><subfield code="b">n</subfield><subfield code="2">rdamedia</subfield></datafield><datafield ind1=" " ind2=" " tag="338"><subfield code="b">nc</subfield><subfield code="2">rdacarrier</subfield></datafield><datafield ind1="1" ind2=" " tag="490"><subfield code="a">Cinémaction. TV</subfield><subfield code="v">5</subfield></datafield><datafield ind1=" " ind2=" " tag="500"><subfield code="a">Catalogué d'après la couv</subfield></datafield><datafield ind1="1" ind2="7" tag="600"><subfield code="a">Maupassant, Guy de</subfield><subfield code="d">1850-1893</subfield><subfield code="0">(IDREF)027018466</subfield><subfield code="2">idref</subfield></datafield><datafield ind1="1" ind2="7" tag="600"><subfield code="a">Maupassant, Guy de</subfield><subfield code="x">Verfilmung</subfield><subfield code="2">idsbb</subfield></datafield><datafield ind1="1" ind2="7" tag="600"><subfield code="a">Maupassant, Guy de</subfield><subfield code="x">Fernsehbearbeitung</subfield><subfield code="2">idsbb</subfield></datafield><datafield ind1=" " ind2="7" tag="650"><subfield code="a">Adaptations cinématographiques</subfield><subfield code="0">(IDREF)027218333</subfield><subfield code="2">idref</subfield></datafield><datafield ind1=" " ind2="7" tag="655"><subfield code="a">[Études diverses]</subfield><subfield code="0">(RERO)A022249905</subfield><subfield code="2">rero</subfield></datafield><datafield ind1="1" ind2=" " tag="700"><subfield code="a">Hennebelle, Guy</subfield><subfield code="0">(RERO)A003363239</subfield></datafield><datafield ind1="2" ind2=" " tag="710"><subfield code="a">Centre culturel de Fécamp</subfield><subfield code="0">(DE-588)1086676149</subfield><subfield code="6">880-03</subfield></datafield><datafield ind1="2" ind2=" " tag="880"><subfield code="a">Centre culturel de Fécamp</subfield><subfield code="0">(RERO)A003087162</subfield><subfield code="6">710-03</subfield></datafield><datafield ind1=" " ind2=" " tag="830"><subfield code="a">Cinémaction</subfield><subfield code="p">TV</subfield><subfield code="v">5</subfield><subfield code="w">(IDSBB)000685759DSV01</subfield></datafield><datafield ind1=" " ind2=" " tag="900"><subfield code="a">REROnoselfmerge</subfield></datafield></record>
</metadata></record>