<record><header><identifier>oai:alma.41SLSP_UGE:991000768929705502</identifier><datestamp>2023-03-01T01:09:43Z</datestamp><setSpec>uge_bcen_RapidILL_BOOK</setSpec><setSpec>uge_aaca_RapidILL_BOOK</setSpec><setSpec>uge_abels_RapidILL_BOOK</setSpec><setSpec>uge_dbu_RapidILL_BOOK</setSpec><setSpec>uge_cmu_RapidILL_BOOK</setSpec><setSpec>uge_mail_RapidILL_BOOK</setSpec><setSpec>UNIGE_ALL</setSpec><setSpec>uge_abbat_RapidILL_BOOK</setSpec><setSpec>uge_aobs_RapidILL_BOOK</setSpec><setSpec>uge_acar_RapidILL_BOOK</setSpec></header><metadata>
<record xmlns="http://www.loc.gov/MARC21/slim" xmlns:xsi="http://www.w3.org/2001/XMLSchema-instance" xsi:schemaLocation="http://www.loc.gov/MARC21/slim http://www.loc.gov/standards/marcxml/schema/MARC21slim.xsd"><leader>03228nam a2200337 c 4500</leader><controlfield tag="001">991000768929705502</controlfield><controlfield tag="005">20201126051205.0</controlfield><controlfield tag="008">201008s1974    gs ||||| |||| 00| ||rus d</controlfield><datafield ind1=" " ind2=" " tag="035"><subfield code="a">(swissbib)106097423-41slsp_network</subfield></datafield><datafield ind1=" " ind2=" " tag="035"><subfield code="a">106097423</subfield><subfield code="9">ExL</subfield></datafield><datafield ind1=" " ind2=" " tag="035"><subfield code="a">(RERO)R004598086-41slsp</subfield></datafield><datafield ind1=" " ind2=" " tag="035"><subfield code="a">(EXLNZ-41SLSP_NETWORK)991080522759705501</subfield></datafield><datafield ind1=" " ind2=" " tag="040"><subfield code="a">SZ-GeWHO</subfield><subfield code="d">CH-ZuSLS</subfield></datafield><datafield ind1=" " ind2="4" tag="060"><subfield code="a">WC 755</subfield></datafield><datafield ind1=" " ind2="7" tag="072"><subfield code="a">me</subfield><subfield code="2">rero</subfield></datafield><datafield ind1="1" ind2=" " tag="100"><subfield code="6">880-01</subfield><subfield code="a">Bakradze, Tariel Lukich</subfield><subfield code="0">(IDREF)244076634</subfield><subfield code="4">cre</subfield></datafield><datafield ind1="1" ind2=" " tag="880"><subfield code="6">100-01/(N</subfield><subfield code="a">Бакрадзе, Тариэл Лукич</subfield></datafield><datafield ind1="1" ind2="0" tag="245"><subfield code="6">880-02</subfield><subfield code="a">Osobennosti ėpidemiologii mali︠a︡rii v prot︠s︡esse ee likvidat︠s︡ii v Gruzinskoĭ SSR</subfield><subfield code="c">Tariėl Lukich Bakradze</subfield></datafield><datafield ind1="1" ind2="0" tag="880"><subfield code="6">245-02/(N</subfield><subfield code="a">Особенности эпидемиологии малярии в процессе ее ликвидации в Грузинской ССР</subfield><subfield code="c">Тариэл Лукич Бакрадзе</subfield></datafield><datafield ind1="1" ind2=" " tag="246"><subfield code="a">Osobennosti ėpidemiologii maljarii v processe ee likvidacii v Gruzinskoj SSR / Tariėl Lukič Bakradze</subfield></datafield><datafield ind1=" " ind2="1" tag="264"><subfield code="6">880-03</subfield><subfield code="a">Triblisi</subfield><subfield code="b">Mecinereba</subfield><subfield code="c">1974</subfield></datafield><datafield ind1=" " ind2="1" tag="880"><subfield code="6">264-03/(N</subfield><subfield code="a">Тибилиси</subfield><subfield code="b">Мецниереба</subfield><subfield code="c">1974</subfield></datafield><datafield ind1=" " ind2=" " tag="300"><subfield code="a">206 p. (tabs., figs.)</subfield></datafield><datafield ind1=" " ind2=" " tag="336"><subfield code="b">txt</subfield><subfield code="2">rdacontent</subfield></datafield><datafield ind1=" " ind2=" " tag="337"><subfield code="b">n</subfield><subfield code="2">rdamedia</subfield></datafield><datafield ind1=" " ind2=" " tag="338"><subfield code="b">nc</subfield><subfield code="2">rdacarrier</subfield></datafield><datafield ind1=" " ind2=" " tag="500"><subfield code="a">At head of title : Naučno-issledovatel'skij institut medicinskoj parazitologii i tropičeskoj mediciny im. S. Virsaladze Minzdrava GSSR</subfield></datafield><datafield ind1=" " ind2=" " tag="500"><subfield code="a">Characteristics of the epidemiology of malaria during the process of its control in Georgia, USSR</subfield></datafield><datafield ind1=" " ind2=" " tag="500"><subfield code="a">At head of title : Научно-исследовательский институт медицинской паразитологии и тропической медицины им. С. Вирсаладзе Минздрава ГССР</subfield></datafield><datafield ind1=" " ind2="2" tag="650"><subfield code="a">Malaria</subfield><subfield code="x">prevention &amp; control</subfield></datafield><datafield ind1=" " ind2="2" tag="651"><subfield code="a">USSR</subfield></datafield><datafield ind1=" " ind2=" " tag="900"><subfield code="a">REROnoselfmerge</subfield></datafield><datafield ind1=" " ind2=" " tag="990"><subfield code="a">donomshim</subfield><subfield code="9">LOCAL</subfield></datafield></record>
</metadata></record>