<record><header><identifier>oai:alma.41SLSP_UGE:991000769449705502</identifier><datestamp>2023-07-03T00:42:30Z</datestamp><setSpec>uge_bcen_RapidILL_BOOK</setSpec><setSpec>uge_aaca_RapidILL_BOOK</setSpec><setSpec>uge_abels_RapidILL_BOOK</setSpec><setSpec>uge_dbu_RapidILL_BOOK</setSpec><setSpec>uge_cmu_RapidILL_BOOK</setSpec><setSpec>uge_mail_RapidILL_BOOK</setSpec><setSpec>uge_abbat_RapidILL_BOOK</setSpec><setSpec>UNIGE_ALL</setSpec><setSpec>uge_aobs_RapidILL_BOOK</setSpec><setSpec>uge_acar_RapidILL_BOOK</setSpec></header><metadata>
<record xmlns="http://www.loc.gov/MARC21/slim" xmlns:xsi="http://www.w3.org/2001/XMLSchema-instance" xsi:schemaLocation="http://www.loc.gov/MARC21/slim http://www.loc.gov/standards/marcxml/schema/MARC21slim.xsd"><leader>02629nam a2200613 c 4500</leader><controlfield tag="001">991000769449705502</controlfield><controlfield tag="005">20230130193629.0</controlfield><controlfield tag="008">201012s2010    xxk||||| |||| 10| ||eng d</controlfield><datafield ind1=" " ind2=" " tag="020"><subfield code="a">9781906540043</subfield></datafield><datafield ind1="7" ind2=" " tag="024"><subfield code="a">http://catalogue.bnf.fr/ark:/12148/cb41360746m</subfield><subfield code="2">uri</subfield></datafield><datafield ind1=" " ind2=" " tag="035"><subfield code="a">(swissbib)240393546-41slsp_network</subfield></datafield><datafield ind1=" " ind2=" " tag="035"><subfield code="a">240393546</subfield><subfield code="9">ExL</subfield></datafield><datafield ind1=" " ind2=" " tag="035"><subfield code="a">(RERO)R007175026-41slsp</subfield></datafield><datafield ind1=" " ind2=" " tag="035"><subfield code="a">(IDSBB)005624630DSV01</subfield></datafield><datafield ind1=" " ind2=" " tag="035"><subfield code="a">(NEBIS)005591932EBI01</subfield></datafield><datafield ind1=" " ind2=" " tag="035"><subfield code="a">(EXLNZ-41SLSP_NETWORK)991040381389705501</subfield></datafield><datafield ind1=" " ind2=" " tag="040"><subfield code="a">RERO geulit</subfield><subfield code="d">CH-ZuSLS</subfield></datafield><datafield ind1="0" ind2=" " tag="041"><subfield code="a">eng</subfield><subfield code="a">ita</subfield></datafield><datafield ind1=" " ind2="7" tag="072"><subfield code="a">it</subfield><subfield code="2">rero</subfield></datafield><datafield ind1=" " ind2="7" tag="072"><subfield code="a">it</subfield><subfield code="2">SzZuIDS BS/BE</subfield></datafield><datafield ind1="0" ind2="4" tag="082"><subfield code="a">851.1</subfield><subfield code="2">22</subfield></datafield><datafield ind1="0" ind2="4" tag="082"><subfield code="a">850.8001</subfield></datafield><datafield ind1=" " ind2=" " tag="084"><subfield code="a">IT 6040</subfield><subfield code="2">rvk</subfield></datafield><datafield ind1="0" ind2="0" tag="245"><subfield code="a">Dante the lyric and ethical poet</subfield><subfield code="b">= Dante lirico e etico</subfield><subfield code="c">edited by Zygmunt G. Barański and Martin McLaughlin</subfield></datafield><datafield ind1="1" ind2=" " tag="246"><subfield code="a">Dante lirico e etico</subfield></datafield><datafield ind1=" " ind2="1" tag="264"><subfield code="a">London</subfield><subfield code="b">Legenda - Modern Humanities Research Association</subfield><subfield code="a">Leeds</subfield><subfield code="b">Maney Publishing</subfield><subfield code="c">2010</subfield></datafield><datafield ind1=" " ind2=" " tag="300"><subfield code="a">XIII, 246 p.</subfield><subfield code="c">26 cm</subfield></datafield><datafield ind1=" " ind2=" " tag="336"><subfield code="b">txt</subfield><subfield code="2">rdacontent</subfield></datafield><datafield ind1=" " ind2=" " tag="337"><subfield code="b">n</subfield><subfield code="2">rdamedia</subfield></datafield><datafield ind1=" " ind2=" " tag="338"><subfield code="b">nc</subfield><subfield code="2">rdacarrier</subfield></datafield><datafield ind1=" " ind2=" " tag="500"><subfield code="a">Proceedings of the fifth and final meeting of International Dante Seminar, University of Oxford, 2007</subfield></datafield><datafield ind1=" " ind2=" " tag="500"><subfield code="a">Beiträge englisch und italienisch</subfield></datafield><datafield ind1=" " ind2=" " tag="500"><subfield code="a">5th and final meeting of the International Dante Seminar was held 2007 in Oxford</subfield></datafield><datafield ind1="0" ind2="7" tag="600"><subfield code="a">Dante Alighieri</subfield><subfield code="d">1265-1321</subfield><subfield code="0">(IDREF)026811081</subfield><subfield code="2">idref</subfield></datafield><datafield ind1="0" ind2="7" tag="600"><subfield code="a">Dante</subfield><subfield code="c">Alighieri</subfield><subfield code="d">1265-1321</subfield><subfield code="0">(DE-588)118523708</subfield><subfield code="2">gnd</subfield></datafield><datafield ind1="0" ind2="7" tag="600"><subfield code="a">Dante Alighieri</subfield><subfield code="2">idszbz</subfield></datafield><datafield ind1="0" ind2="0" tag="600"><subfield code="a">Dante Alighieri</subfield><subfield code="d">1265-1321</subfield><subfield code="x">Criticism and interpretation</subfield><subfield code="v">Congresses</subfield></datafield><datafield ind1=" " ind2="7" tag="650"><subfield code="a">Morale</subfield><subfield code="0">(IDREF)027790029</subfield><subfield code="2">idref</subfield></datafield><datafield ind1=" " ind2="7" tag="650"><subfield code="a">Poésie</subfield><subfield code="0">(IDREF)027247465</subfield><subfield code="2">idref</subfield></datafield><datafield ind1=" " ind2="7" tag="650"><subfield code="a">Lyrik</subfield><subfield code="0">(DE-588)4036774-5</subfield><subfield code="2">gnd</subfield></datafield><datafield ind1=" " ind2="7" tag="650"><subfield code="a">Ethik</subfield><subfield code="0">(DE-588)4015602-3</subfield><subfield code="2">gnd</subfield></datafield><datafield ind1=" " ind2="7" tag="650"><subfield code="a">Ethik</subfield><subfield code="2">idszbz</subfield></datafield><datafield ind1=" " ind2="7" tag="650"><subfield code="a">Lyrik</subfield><subfield code="2">idszbz</subfield></datafield><datafield ind1=" " ind2="7" tag="655"><subfield code="a">Actes de congrès</subfield><subfield code="0">(IDREF)02886431X</subfield><subfield code="2">idref</subfield></datafield><datafield ind1=" " ind2="7" tag="655"><subfield code="a">Konferenzschrift</subfield><subfield code="z">Oxford</subfield><subfield code="y">2007</subfield><subfield code="2">gnd-content</subfield></datafield><datafield ind1=" " ind2="7" tag="655"><subfield code="a">Aufsatzsammlung</subfield><subfield code="2">idszbz</subfield></datafield><datafield ind1="1" ind2=" " tag="700"><subfield code="a">McLaughlin, Martin L.</subfield><subfield code="d">19..-....</subfield><subfield code="0">(IDREF)029253756</subfield></datafield><datafield ind1="1" ind2=" " tag="700"><subfield code="a">Barański, Zygmunt G.</subfield><subfield code="d">1951-</subfield><subfield code="0">(DE-588)171965302</subfield><subfield code="6">880-03</subfield></datafield><datafield ind1="1" ind2=" " tag="880"><subfield code="a">Barański, Zygmunt G</subfield><subfield code="0">(RERO)A002967387</subfield><subfield code="6">700-03</subfield></datafield><datafield ind1="2" ind2=" " tag="711"><subfield code="a">International Dante Seminar</subfield><subfield code="0">(DE-588)1091618798</subfield></datafield><datafield ind1="2" ind2=" " tag="711"><subfield code="a">Seminario dantesco internazionale</subfield><subfield code="n">5</subfield><subfield code="d">2007</subfield><subfield code="c">Oxford</subfield><subfield code="0">(RERO)A022498839</subfield></datafield><datafield ind1="4" ind2=" " tag="856"><subfield code="3">Titelblatt und Inhaltsverzeichnis</subfield><subfield code="u">https://toc.library.ethz.ch/objects/pdf/z01_978-1-906540-04-3_01.pdf</subfield><subfield code="q">pdf</subfield></datafield><datafield ind1=" " ind2=" " tag="900"><subfield code="a">REROnoselfmerge</subfield></datafield><datafield ind1=" " ind2=" " tag="900"><subfield code="a">IDSZ2zbzmon201007e</subfield><subfield code="c">IDSZ2sjö</subfield><subfield code="d">IDSZ2zbzswk201008b</subfield><subfield code="e">IDSZ2ruet</subfield></datafield><datafield ind1=" " ind2=" " tag="949"><subfield code="a">https://toc.library.ethz.ch/objects/pdf/z01_978-1-906540-04-3_01.pdf</subfield></datafield><datafield ind1=" " ind2=" " tag="993"><subfield code="a">BFLA 239700</subfield><subfield code="x">ge/ulit/a/12/439</subfield><subfield code="9">LOCAL</subfield></datafield></record>
</metadata></record>