<record><header><identifier>oai:alma.41SLSP_UGE:991000768909705502</identifier><datestamp>2023-03-01T01:09:43Z</datestamp><setSpec>uge_bcen_RapidILL_BOOK</setSpec><setSpec>uge_aaca_RapidILL_BOOK</setSpec><setSpec>uge_abels_RapidILL_BOOK</setSpec><setSpec>uge_dbu_RapidILL_BOOK</setSpec><setSpec>uge_cmu_RapidILL_BOOK</setSpec><setSpec>uge_mail_RapidILL_BOOK</setSpec><setSpec>UNIGE_ALL</setSpec><setSpec>uge_abbat_RapidILL_BOOK</setSpec><setSpec>uge_aobs_RapidILL_BOOK</setSpec><setSpec>uge_acar_RapidILL_BOOK</setSpec></header><metadata>
<record xmlns="http://www.loc.gov/MARC21/slim" xmlns:xsi="http://www.w3.org/2001/XMLSchema-instance" xsi:schemaLocation="http://www.loc.gov/MARC21/slim http://www.loc.gov/standards/marcxml/schema/MARC21slim.xsd"><leader>01855nam a22002892c 4500</leader><controlfield tag="001">991000768909705502</controlfield><controlfield tag="005">20230117190241.0</controlfield><controlfield tag="008">140522s2014    gw ||||| |||| 00| ||eng d</controlfield><datafield ind1=" " ind2=" " tag="020"><subfield code="a">9783941399365</subfield><subfield code="q">Museum</subfield></datafield><datafield ind1=" " ind2=" " tag="020"><subfield code="a">9783791353357</subfield><subfield code="q">Prestel</subfield></datafield><datafield ind1="7" ind2=" " tag="024"><subfield code="a">http://catalogue.bnf.fr/ark:/12148/cb43845950b</subfield><subfield code="2">uri</subfield></datafield><datafield ind1=" " ind2=" " tag="035"><subfield code="a">(swissbib)119753375-41slsp_network</subfield></datafield><datafield ind1=" " ind2=" " tag="035"><subfield code="a">119753375</subfield><subfield code="9">ExL</subfield></datafield><datafield ind1=" " ind2=" " tag="035"><subfield code="a">(RERO)R007744058-41slsp</subfield></datafield><datafield ind1=" " ind2=" " tag="035"><subfield code="a">(EXLNZ-41SLSP_NETWORK)991052736419705501</subfield></datafield><datafield ind1=" " ind2=" " tag="040"><subfield code="a">RERO geulha</subfield><subfield code="d">CH-ZuSLS</subfield></datafield><datafield ind1=" " ind2="7" tag="072"><subfield code="a">ba</subfield><subfield code="2">rero</subfield></datafield><datafield ind1="0" ind2="0" tag="245"><subfield code="a">Emil Nolde</subfield><subfield code="b">retrospective : [Frankfurt am Main, Städel Museum, march 5 - june 15,  2014 : Humlebæk, Louisiana Museum of Modern Art, july 14 - october 19, 2014]</subfield></datafield><datafield ind1=" " ind2="1" tag="264"><subfield code="a">München</subfield><subfield code="a">London</subfield><subfield code="a">New York</subfield><subfield code="b">Prestel</subfield><subfield code="c">2014</subfield></datafield><datafield ind1=" " ind2=" " tag="300"><subfield code="a">295 p. dont 1 dépl.</subfield><subfield code="b">ill. en noir et en coul.</subfield><subfield code="c">28 cm</subfield></datafield><datafield ind1=" " ind2=" " tag="336"><subfield code="b">txt</subfield><subfield code="2">rdacontent</subfield></datafield><datafield ind1=" " ind2=" " tag="337"><subfield code="b">n</subfield><subfield code="2">rdamedia</subfield></datafield><datafield ind1=" " ind2=" " tag="338"><subfield code="b">nc</subfield><subfield code="2">rdacarrier</subfield></datafield><datafield ind1="0" ind2=" " tag="505"><subfield code="a">Max Hollein et Poul Erik Tojner: Foreword. - Christian Ring: Greeting. - Essays (Felix Kramer: Emil Nolde &quot;demon of this region&quot;. - Christian Ring: &quot;Uninhibited freedom, as if from seething primeval fire&quot; : free figural painting. - Aya Soika et Bernhard Fulda: &quot;German down to the deepest mystery of his origins&quot; : Emil Nolde and the National Socialist dictatorship). - Plates (Katharina Ferus: Origins 1896-1904. - Franziska Leuthausser: &quot;Years of struggle&quot; 1905-1910. - Felix Kramer: Seascapes. - Caroline Dieterich: Biblical and legend paintings. - Chantal Eschenfelder: Berlin : facets of a metropolis. - Brigitte Sahler: View of an exotic world. - Felicity Grobien: &quot;Magus from the north&quot; 1912-1932. - Isgard Kracht: Late works). - Catalogue</subfield></datafield><datafield ind1="1" ind2="7" tag="600"><subfield code="a">Nolde, Emil</subfield><subfield code="d">1867-1956</subfield><subfield code="0">(IDREF)027384063</subfield><subfield code="2">idref</subfield></datafield><datafield ind1=" " ind2="7" tag="655"><subfield code="a">Catalogues d'exposition</subfield><subfield code="0">(IDREF)027320456</subfield><subfield code="2">idref</subfield></datafield><datafield ind1="1" ind2=" " tag="700"><subfield code="a">Nolde, Emil</subfield><subfield code="d">1867-1956</subfield><subfield code="0">(IDREF)027384063</subfield></datafield><datafield ind1=" " ind2=" " tag="900"><subfield code="a">REROnoselfmerge</subfield></datafield><datafield ind1=" " ind2=" " tag="993"><subfield code="a">BFLB 31944</subfield><subfield code="x">ge/ulha/a/14/0425</subfield><subfield code="9">LOCAL</subfield></datafield></record>
</metadata></record>