<record><header><identifier>oai:alma.41SLSP_UGE:991000768639705502</identifier><datestamp>2023-03-01T01:09:43Z</datestamp><setSpec>uge_bcen_RapidILL_BOOK</setSpec><setSpec>uge_aaca_RapidILL_BOOK</setSpec><setSpec>uge_abels_RapidILL_BOOK</setSpec><setSpec>uge_dbu_RapidILL_BOOK</setSpec><setSpec>uge_cmu_RapidILL_BOOK</setSpec><setSpec>uge_mail_RapidILL_BOOK</setSpec><setSpec>UNIGE_ALL</setSpec><setSpec>uge_abbat_RapidILL_BOOK</setSpec><setSpec>uge_aobs_RapidILL_BOOK</setSpec><setSpec>uge_acar_RapidILL_BOOK</setSpec></header><metadata>
<record xmlns="http://www.loc.gov/MARC21/slim" xmlns:xsi="http://www.w3.org/2001/XMLSchema-instance" xsi:schemaLocation="http://www.loc.gov/MARC21/slim http://www.loc.gov/standards/marcxml/schema/MARC21slim.xsd"><leader>01432nam a22003852c 4500</leader><controlfield tag="001">991000768639705502</controlfield><controlfield tag="005">20230220202739.0</controlfield><controlfield tag="008">120220m20049999xxu||||| |||| 00| ||eng d</controlfield><datafield ind1=" " ind2=" " tag="020"><subfield code="a">1931534136</subfield><subfield code="q">vol. 1: alk. paper</subfield></datafield><datafield ind1=" " ind2=" " tag="020"><subfield code="a">9781931534130</subfield><subfield code="q">vol. 1: alk. paper</subfield></datafield><datafield ind1=" " ind2=" " tag="020"><subfield code="a">9781931534635</subfield><subfield code="q">vol. 2: alk. paper</subfield></datafield><datafield ind1=" " ind2=" " tag="035"><subfield code="a">(swissbib)11556778X-41slsp_network</subfield></datafield><datafield ind1=" " ind2=" " tag="035"><subfield code="a">11556778X</subfield><subfield code="9">ExL</subfield></datafield><datafield ind1=" " ind2=" " tag="035"><subfield code="a">(RERO)R007003399-41slsp</subfield></datafield><datafield ind1=" " ind2=" " tag="035"><subfield code="a">(EXLNZ-41SLSP_NETWORK)991020694269705501</subfield></datafield><datafield ind1=" " ind2=" " tag="040"><subfield code="a">ESSAL</subfield><subfield code="d">CH-ZuSLS</subfield></datafield><datafield ind1=" " ind2="7" tag="072"><subfield code="a">ar</subfield><subfield code="2">rero</subfield></datafield><datafield ind1="1" ind2=" " tag="100"><subfield code="a">Davaras, Kostis</subfield><subfield code="d">1933-2021</subfield><subfield code="0">(IDREF)030339235</subfield><subfield code="4">cre</subfield></datafield><datafield ind1="1" ind2="0" tag="245"><subfield code="a">&lt;&lt;The&gt;&gt; Hagia Photia cemetery</subfield><subfield code="c">by Costis Davaras and Philip P. Betancourt</subfield></datafield><datafield ind1=" " ind2="1" tag="264"><subfield code="a">Philadelphia Pa.</subfield><subfield code="b">INSTAP Academic Press</subfield><subfield code="c">2004-</subfield></datafield><datafield ind1=" " ind2=" " tag="300"><subfield code="b">Ill.</subfield></datafield><datafield ind1=" " ind2=" " tag="336"><subfield code="b">txt</subfield><subfield code="2">rdacontent</subfield></datafield><datafield ind1=" " ind2=" " tag="337"><subfield code="b">n</subfield><subfield code="2">rdamedia</subfield></datafield><datafield ind1=" " ind2=" " tag="338"><subfield code="b">nc</subfield><subfield code="2">rdacarrier</subfield></datafield><datafield ind1="1" ind2=" " tag="490"><subfield code="a">Prehistory monographs</subfield><subfield code="v">14, 36</subfield></datafield><datafield ind1=" " ind2=" " tag="500"><subfield code="a">Prévu en 3 vol.</subfield></datafield><datafield ind1="0" ind2=" " tag="505"><subfield code="a">Vol. 1: The tomb groups and architecture</subfield></datafield><datafield ind1="0" ind2=" " tag="505"><subfield code="a">Vol. 2: The pottery</subfield></datafield><datafield ind1=" " ind2="7" tag="650"><subfield code="a">Archéologie</subfield><subfield code="0">(IDREF)02726971X</subfield><subfield code="2">idref</subfield></datafield><datafield ind1=" " ind2="7" tag="650"><subfield code="a">mobilier archéologique minoen</subfield><subfield code="0">(RERO)A010118128</subfield><subfield code="2">rerovoc</subfield></datafield><datafield ind1=" " ind2="7" tag="650"><subfield code="a">Tombes minoennes</subfield><subfield code="0">(RERO)A027725694</subfield><subfield code="2">rero</subfield></datafield><datafield ind1=" " ind2="7" tag="651"><subfield code="a">Aghia Photia (Grèce)</subfield><subfield code="0">(RERO)A010040383</subfield><subfield code="2">rero</subfield></datafield><datafield ind1="1" ind2=" " tag="700"><subfield code="a">Betancourt, Philip P.</subfield><subfield code="d">1936-....</subfield><subfield code="0">(IDREF)028852990</subfield></datafield><datafield ind1=" " ind2=" " tag="830"><subfield code="a">Prehistory monographs</subfield><subfield code="v">14</subfield><subfield code="w">(RERO)R003614634-41slsp</subfield></datafield><datafield ind1=" " ind2=" " tag="900"><subfield code="a">REROnoselfmerge</subfield></datafield><datafield ind1=" " ind2=" " tag="910"><subfield code="a">OCoLC</subfield><subfield code="b">20120220</subfield><subfield code="c">Droits réservés</subfield></datafield></record>
</metadata></record>