<record><header><identifier>oai:alma.41SLSP_UGE:991000768949705502</identifier><datestamp>2023-03-01T01:09:43Z</datestamp><setSpec>uge_bcen_RapidILL_BOOK</setSpec><setSpec>uge_aaca_RapidILL_BOOK</setSpec><setSpec>uge_abels_RapidILL_BOOK</setSpec><setSpec>uge_dbu_RapidILL_BOOK</setSpec><setSpec>uge_cmu_RapidILL_BOOK</setSpec><setSpec>uge_mail_RapidILL_BOOK</setSpec><setSpec>UNIGE_ALL</setSpec><setSpec>uge_abbat_RapidILL_BOOK</setSpec><setSpec>uge_acar_RapidILL_BOOK</setSpec><setSpec>uge_aobs_RapidILL_BOOK</setSpec></header><metadata>
<record xmlns="http://www.loc.gov/MARC21/slim" xmlns:xsi="http://www.w3.org/2001/XMLSchema-instance" xsi:schemaLocation="http://www.loc.gov/MARC21/slim http://www.loc.gov/standards/marcxml/schema/MARC21slim.xsd"><leader>02797nam a2200769 c 4500</leader><controlfield tag="001">991000768949705502</controlfield><controlfield tag="005">20230224180009.0</controlfield><controlfield tag="008">201011s1986    xxu||||| |||| 00| ||eng d</controlfield><datafield ind1=" " ind2=" " tag="020"><subfield code="a">0231059000</subfield></datafield><datafield ind1=" " ind2=" " tag="035"><subfield code="a">(swissbib)227146727-41slsp_network</subfield></datafield><datafield ind1=" " ind2=" " tag="035"><subfield code="a">227146727</subfield><subfield code="9">ExL</subfield></datafield><datafield ind1=" " ind2=" " tag="035"><subfield code="a">(RERO)1025501-41slsp</subfield></datafield><datafield ind1=" " ind2=" " tag="035"><subfield code="a">(IDSBB)000215583DSV01</subfield></datafield><datafield ind1=" " ind2=" " tag="035"><subfield code="a">(NEBIS)005631747EBI01</subfield></datafield><datafield ind1=" " ind2=" " tag="035"><subfield code="a">(EXLNZ-41SLSP_NETWORK)991025889379705501</subfield></datafield><datafield ind1=" " ind2=" " tag="040"><subfield code="a">RERO geulan</subfield><subfield code="d">CH-ZuSLS</subfield></datafield><datafield ind1=" " ind2="7" tag="072"><subfield code="a">ss</subfield><subfield code="2">rero</subfield></datafield><datafield ind1=" " ind2="7" tag="072"><subfield code="a">al</subfield><subfield code="2">SzZuIDS BS/BE</subfield></datafield><datafield ind1="0" ind2="0" tag="082"><subfield code="a">809/.89287</subfield><subfield code="2">19</subfield></datafield><datafield ind1="0" ind2="4" tag="082"><subfield code="a">809</subfield><subfield code="2">19</subfield></datafield><datafield ind1="1" ind2="4" tag="082"><subfield code="a">800</subfield><subfield code="2">15</subfield></datafield><datafield ind1=" " ind2=" " tag="084"><subfield code="a">HG 750</subfield><subfield code="2">rvk</subfield></datafield><datafield ind1=" " ind2=" " tag="084"><subfield code="a">EC 1740</subfield><subfield code="2">rvk</subfield></datafield><datafield ind1=" " ind2=" " tag="084"><subfield code="a">EC 1874</subfield><subfield code="2">rvk</subfield></datafield><datafield ind1=" " ind2=" " tag="084"><subfield code="a">EC 1630</subfield><subfield code="2">rvk</subfield></datafield><datafield ind1=" " ind2=" " tag="084"><subfield code="a">HN 1461</subfield><subfield code="2">rvk</subfield></datafield><datafield ind1="1" ind2=" " tag="100"><subfield code="a">Jacobus, Mary</subfield><subfield code="d">1944-</subfield><subfield code="0">(DE-588)1050682386</subfield><subfield code="6">880-01</subfield></datafield><datafield ind1="1" ind2=" " tag="880"><subfield code="6">100-01</subfield><subfield code="a">Jacobus, Mary</subfield><subfield code="d">1944-....</subfield><subfield code="0">(IDREF)055761739</subfield><subfield code="4">cre</subfield></datafield><datafield ind1="1" ind2="0" tag="245"><subfield code="a">Reading woman</subfield><subfield code="b">essays in feminist criticism</subfield><subfield code="c">Mary Jacobus</subfield></datafield><datafield ind1=" " ind2="1" tag="264"><subfield code="a">New York</subfield><subfield code="b">Columbia Univ. Press</subfield><subfield code="c">1986</subfield></datafield><datafield ind1=" " ind2=" " tag="300"><subfield code="a">XVI, 316 p.</subfield><subfield code="b">ill.</subfield><subfield code="c">23 cm</subfield></datafield><datafield ind1=" " ind2=" " tag="336"><subfield code="b">txt</subfield><subfield code="2">rdacontent</subfield></datafield><datafield ind1=" " ind2=" " tag="337"><subfield code="b">n</subfield><subfield code="2">rdamedia</subfield></datafield><datafield ind1=" " ind2=" " tag="338"><subfield code="b">nc</subfield><subfield code="2">rdacarrier</subfield></datafield><datafield ind1="1" ind2=" " tag="490"><subfield code="a">Gender and culture</subfield></datafield><datafield ind1=" " ind2=" " tag="504"><subfield code="a">Bibliography: p [311]-312</subfield></datafield><datafield ind1=" " ind2=" " tag="504"><subfield code="a">Includes index.</subfield></datafield><datafield ind1=" " ind2="7" tag="650"><subfield code="a">Critique littéraire</subfield><subfield code="0">(IDREF)027286592</subfield><subfield code="2">idref</subfield></datafield><datafield ind1=" " ind2="7" tag="650"><subfield code="a">Féminisme</subfield><subfield code="0">(IDREF)027320596</subfield><subfield code="2">idref</subfield></datafield><datafield ind1=" " ind2="7" tag="650"><subfield code="a">Littérature occidentale</subfield><subfield code="0">(IDREF)174501943</subfield><subfield code="2">idref</subfield></datafield><datafield ind1=" " ind2="7" tag="650"><subfield code="a">Feministische Literaturwissenschaft</subfield><subfield code="2">idsbb</subfield></datafield><datafield ind1=" " ind2="7" tag="650"><subfield code="a">Frau</subfield><subfield code="x">Literatur</subfield><subfield code="y">Geschichte 19. Jh</subfield><subfield code="2">idsbb</subfield></datafield><datafield ind1=" " ind2="7" tag="650"><subfield code="a">Frauenliteratur</subfield><subfield code="y">Geschichte 20. Jh</subfield><subfield code="2">idsbb</subfield></datafield><datafield ind1=" " ind2="7" tag="650"><subfield code="a">Literatur</subfield><subfield code="x">Frau</subfield><subfield code="y">Geschichte 19. Jh</subfield><subfield code="2">idsbb</subfield></datafield><datafield ind1=" " ind2="7" tag="650"><subfield code="a">Frau</subfield><subfield code="x">Literatur</subfield><subfield code="y">Geschichte 20. Jh</subfield><subfield code="2">idsbb</subfield></datafield><datafield ind1=" " ind2="7" tag="650"><subfield code="a">Frau</subfield><subfield code="x">Literaturpsychologie</subfield><subfield code="2">idsbb</subfield></datafield><datafield ind1=" " ind2="7" tag="650"><subfield code="a">Literatur</subfield><subfield code="x">Frau</subfield><subfield code="y">Geschichte 20. Jh</subfield><subfield code="2">idsbb</subfield></datafield><datafield ind1=" " ind2="7" tag="650"><subfield code="a">Frauenliteratur</subfield><subfield code="y">Geschichte 19. Jh</subfield><subfield code="2">idsbb</subfield></datafield><datafield ind1=" " ind2="7" tag="650"><subfield code="a">Literaturpsychologie</subfield><subfield code="x">Frau</subfield><subfield code="2">idsbb</subfield></datafield><datafield ind1=" " ind2="7" tag="650"><subfield code="a">Englisch</subfield><subfield code="0">(DE-588)4014777-0</subfield><subfield code="2">gnd</subfield></datafield><datafield ind1=" " ind2="7" tag="650"><subfield code="a">Feminismus</subfield><subfield code="0">(DE-588)4222126-2</subfield><subfield code="2">gnd</subfield></datafield><datafield ind1=" " ind2="7" tag="650"><subfield code="a">Frau</subfield><subfield code="0">(DE-588)4018202-2</subfield><subfield code="2">gnd</subfield></datafield><datafield ind1=" " ind2="7" tag="650"><subfield code="a">Frauenbewegung</subfield><subfield code="0">(DE-588)4071428-7</subfield><subfield code="2">gnd</subfield></datafield><datafield ind1=" " ind2="7" tag="650"><subfield code="a">Literatur</subfield><subfield code="0">(DE-588)4035964-5</subfield><subfield code="2">gnd</subfield></datafield><datafield ind1=" " ind2="7" tag="650"><subfield code="a">Literaturkritik</subfield><subfield code="0">(DE-588)4036020-9</subfield><subfield code="2">gnd</subfield></datafield><datafield ind1=" " ind2="7" tag="650"><subfield code="a">Literaturwissenschaft</subfield><subfield code="0">(DE-588)4036034-9</subfield><subfield code="2">gnd</subfield></datafield><datafield ind1=" " ind2="7" tag="650"><subfield code="a">Psychoanalyse</subfield><subfield code="0">(DE-588)4047689-3</subfield><subfield code="2">gnd</subfield></datafield><datafield ind1=" " ind2="0" tag="650"><subfield code="a">Feminist literary criticism</subfield></datafield><datafield ind1=" " ind2="0" tag="650"><subfield code="a">Psychoanalysis and literature</subfield></datafield><datafield ind1=" " ind2="0" tag="650"><subfield code="a">Women and literature</subfield></datafield><datafield ind1=" " ind2="7" tag="650"><subfield code="a">Feministische Literaturwissenschaft</subfield><subfield code="0">(DE-588)1042242879</subfield><subfield code="2">gnd</subfield></datafield><datafield ind1=" " ind2="7" tag="650"><subfield code="a">Interpretation</subfield><subfield code="0">(DE-588)4072905-9</subfield><subfield code="2">gnd</subfield></datafield><datafield ind1=" " ind2="7" tag="655"><subfield code="a">Aufsatzsammlung</subfield><subfield code="2">gnd-content</subfield></datafield><datafield ind1=" " ind2="0" tag="830"><subfield code="a">Gender and culture</subfield></datafield><datafield ind1=" " ind2=" " tag="900"><subfield code="a">REROnoselfmerge</subfield></datafield><datafield ind1=" " ind2=" " tag="900"><subfield code="a">IDSZRMedeaZBZ</subfield><subfield code="b">IDSZRSWK</subfield></datafield><datafield ind1=" " ind2=" " tag="900"><subfield code="f">IDSU2medea</subfield></datafield><datafield ind1=" " ind2=" " tag="900"><subfield code="a">IDSZ2esmon201809l</subfield><subfield code="c">IDSZ2esch</subfield><subfield code="d">IDSZ2esswk201809k</subfield></datafield></record>
</metadata></record>