<record><header><identifier>oai:alma.41SLSP_UGE:991000769169705502</identifier><datestamp>2023-03-01T01:09:43Z</datestamp><setSpec>uge_bcen_RapidILL_BOOK</setSpec><setSpec>uge_aaca_RapidILL_BOOK</setSpec><setSpec>uge_abels_RapidILL_BOOK</setSpec><setSpec>uge_dbu_RapidILL_BOOK</setSpec><setSpec>uge_cmu_RapidILL_BOOK</setSpec><setSpec>uge_mail_RapidILL_BOOK</setSpec><setSpec>UNIGE_ALL</setSpec><setSpec>uge_abbat_RapidILL_BOOK</setSpec><setSpec>uge_acar_RapidILL_BOOK</setSpec><setSpec>uge_aobs_RapidILL_BOOK</setSpec></header><metadata>
<record xmlns="http://www.loc.gov/MARC21/slim" xmlns:xsi="http://www.w3.org/2001/XMLSchema-instance" xsi:schemaLocation="http://www.loc.gov/MARC21/slim http://www.loc.gov/standards/marcxml/schema/MARC21slim.xsd"><leader>01727nam a2200397 c 4500</leader><controlfield tag="001">991000769169705502</controlfield><controlfield tag="005">20230213202320.0</controlfield><controlfield tag="008">201011t19921992sz ||||| |||| 00| ||fre d</controlfield><datafield ind1=" " ind2=" " tag="035"><subfield code="a">(swissbib)227104366-41slsp_network</subfield></datafield><datafield ind1=" " ind2=" " tag="035"><subfield code="a">227104366</subfield><subfield code="9">ExL</subfield></datafield><datafield ind1=" " ind2=" " tag="035"><subfield code="a">(RERO)R236879560-41slsp</subfield></datafield><datafield ind1=" " ind2=" " tag="035"><subfield code="a">(NEBIS)000969221EBI01</subfield></datafield><datafield ind1=" " ind2=" " tag="035"><subfield code="a">(EXLNZ-41SLSP_NETWORK)991061682619705501</subfield></datafield><datafield ind1=" " ind2=" " tag="040"><subfield code="a">RERO geucue</subfield><subfield code="d">CH-ZuSLS</subfield></datafield><datafield ind1=" " ind2=" " tag="044"><subfield code="a">sz</subfield><subfield code="c">ch-be</subfield></datafield><datafield ind1=" " ind2="7" tag="072"><subfield code="a">se</subfield><subfield code="2">rero</subfield></datafield><datafield ind1="1" ind2=" " tag="100"><subfield code="a">Müller, André</subfield><subfield code="c">Dir. de projet</subfield><subfield code="0">(RERO)A012328158</subfield><subfield code="4">cre</subfield></datafield><datafield ind1="1" ind2="0" tag="245"><subfield code="a">RAVEL, une économie d'argent</subfield><subfield code="b">guide pratique pour les calculs de rentabilité</subfield><subfield code="c">André Müller, Félix Walter</subfield></datafield><datafield ind1=" " ind2="1" tag="264"><subfield code="a">Berne</subfield><subfield code="b">Office fédéral des questions conjoncturelles</subfield><subfield code="c">1992</subfield></datafield><datafield ind1=" " ind2="4" tag="264"><subfield code="c">©1992</subfield></datafield><datafield ind1=" " ind2=" " tag="300"><subfield code="a">25, 3 p.</subfield><subfield code="b">ill.</subfield><subfield code="c">30 cm</subfield></datafield><datafield ind1=" " ind2=" " tag="336"><subfield code="b">txt</subfield><subfield code="2">rdacontent</subfield></datafield><datafield ind1=" " ind2=" " tag="337"><subfield code="b">n</subfield><subfield code="2">rdamedia</subfield></datafield><datafield ind1=" " ind2=" " tag="338"><subfield code="b">nc</subfield><subfield code="2">rdacarrier</subfield></datafield><datafield ind1="1" ind2=" " tag="490"><subfield code="a">Publications RAVEL</subfield><subfield code="v">724.397.42.01 F</subfield></datafield><datafield ind1=" " ind2=" " tag="500"><subfield code="a">Zusatz auf dem Umschlag: RAVEL, Domaine 42: Animation et diffusion, Office fédéral des questions conjoncturelles</subfield></datafield><datafield ind1="2" ind2="7" tag="610"><subfield code="a">Impulsprogramm RAVEL</subfield><subfield code="0">(DE-588)107788639X</subfield><subfield code="2">gnd</subfield></datafield><datafield ind1=" " ind2="7" tag="650"><subfield code="a">Électricité</subfield><subfield code="0">(IDREF)027796272</subfield><subfield code="2">idref</subfield></datafield><datafield ind1=" " ind2="7" tag="650"><subfield code="a">utilisation optimale</subfield><subfield code="0">(RERO)A010035300</subfield><subfield code="2">rerovoc</subfield></datafield><datafield ind1=" " ind2="7" tag="650"><subfield code="a">Consommation</subfield><subfield code="0">(IDREF)027260593</subfield><subfield code="2">idref</subfield></datafield><datafield ind1=" " ind2="7" tag="650"><subfield code="a">Énergie</subfield><subfield code="0">(IDREF)027226271</subfield><subfield code="2">idref</subfield></datafield><datafield ind1=" " ind2="7" tag="650"><subfield code="a">RENTABILITÄT</subfield><subfield code="9">ger</subfield><subfield code="0">(ETHUDK)000010302</subfield><subfield code="2">ethudk</subfield></datafield><datafield ind1=" " ind2="7" tag="651"><subfield code="a">Suisse</subfield><subfield code="0">(IDREF)027249654</subfield><subfield code="2">idref</subfield></datafield><datafield ind1="1" ind2=" " tag="700"><subfield code="a">Walter, Felix</subfield><subfield code="0">(RERO)A003956438</subfield></datafield><datafield ind1="2" ind2=" " tag="710"><subfield code="a">Impulsprogramm RAVEL - Rationelle Verwendung von Elektrizität</subfield><subfield code="g">Schweiz</subfield><subfield code="b">Ressort 42, Animation und Umsetzung</subfield><subfield code="0">(DE-588)1086346041</subfield></datafield><datafield ind1=" " ind2=" " tag="830"><subfield code="a">Publications RAVEL</subfield><subfield code="v">724 397 42 01</subfield><subfield code="w">(RERO)1814057-41slsp</subfield></datafield><datafield ind1=" " ind2=" " tag="900"><subfield code="a">REROnoselfmerge</subfield></datafield></record>
</metadata></record>