<record><header><identifier>oai:alma.41SLSP_UGE:991000769479705502</identifier><datestamp>2023-03-01T01:09:43Z</datestamp><setSpec>uge_bcen_RapidILL_BOOK</setSpec><setSpec>uge_aaca_RapidILL_BOOK</setSpec><setSpec>uge_abels_RapidILL_BOOK</setSpec><setSpec>uge_dbu_RapidILL_BOOK</setSpec><setSpec>uge_cmu_RapidILL_BOOK</setSpec><setSpec>uge_mail_RapidILL_BOOK</setSpec><setSpec>uge_abbat_RapidILL_BOOK</setSpec><setSpec>UNIGE_ALL</setSpec><setSpec>uge_acar_RapidILL_BOOK</setSpec><setSpec>uge_aobs_RapidILL_BOOK</setSpec></header><metadata>
<record xmlns="http://www.loc.gov/MARC21/slim" xmlns:xsi="http://www.w3.org/2001/XMLSchema-instance" xsi:schemaLocation="http://www.loc.gov/MARC21/slim http://www.loc.gov/standards/marcxml/schema/MARC21slim.xsd"><leader>00996nam a2200301 c 4500</leader><controlfield tag="001">991000769479705502</controlfield><controlfield tag="005">20230228191857.0</controlfield><controlfield tag="008">201012s1976    xxk||||| |||| 00| ||eng d</controlfield><datafield ind1=" " ind2=" " tag="020"><subfield code="a">0333177932</subfield></datafield><datafield ind1=" " ind2=" " tag="035"><subfield code="a">(swissbib)240262190-41slsp_network</subfield></datafield><datafield ind1=" " ind2=" " tag="035"><subfield code="a">240262190</subfield><subfield code="9">ExL</subfield></datafield><datafield ind1=" " ind2=" " tag="035"><subfield code="a">(RERO)1297701-41slsp</subfield></datafield><datafield ind1=" " ind2=" " tag="035"><subfield code="a">(NEBIS)006081557EBI01</subfield></datafield><datafield ind1=" " ind2=" " tag="035"><subfield code="a">(EXLNZ-41SLSP_NETWORK)991128711929705501</subfield></datafield><datafield ind1=" " ind2=" " tag="040"><subfield code="a">RERO geuses</subfield><subfield code="d">CH-ZuSLS</subfield></datafield><datafield ind1=" " ind2="7" tag="072"><subfield code="a">se</subfield><subfield code="2">rero</subfield></datafield><datafield ind1="1" ind2=" " tag="100"><subfield code="a">Presley, John Ralph</subfield><subfield code="d">1945-....</subfield><subfield code="0">(IDREF)031856489</subfield><subfield code="4">cre</subfield></datafield><datafield ind1="1" ind2="0" tag="245"><subfield code="a">Currency areas</subfield><subfield code="c">John R. Presley and Geoffrey E.J. Dennis</subfield></datafield><datafield ind1=" " ind2="1" tag="264"><subfield code="a">London</subfield><subfield code="b">Macmillan</subfield><subfield code="c">1976</subfield></datafield><datafield ind1=" " ind2=" " tag="300"><subfield code="a">IX, 114 p.</subfield><subfield code="b">ill.</subfield><subfield code="c">22 cm</subfield></datafield><datafield ind1=" " ind2=" " tag="336"><subfield code="b">txt</subfield><subfield code="2">rdacontent</subfield></datafield><datafield ind1=" " ind2=" " tag="337"><subfield code="b">n</subfield><subfield code="2">rdamedia</subfield></datafield><datafield ind1=" " ind2=" " tag="338"><subfield code="b">nc</subfield><subfield code="2">rdacarrier</subfield></datafield><datafield ind1="2" ind2="7" tag="610"><subfield code="a">Communauté européenne</subfield><subfield code="0">(IDREF)027438902</subfield><subfield code="2">idref</subfield></datafield><datafield ind1=" " ind2="7" tag="650"><subfield code="a">Unions monétaires</subfield><subfield code="0">(IDREF)027280179</subfield><subfield code="2">idref</subfield></datafield><datafield ind1="1" ind2=" " tag="700"><subfield code="a">Dennis, Geoffrey E.J.</subfield></datafield><datafield ind1="1" ind2=" " tag="700"><subfield code="a">Dennis, Geoffrey Edwin James</subfield><subfield code="d">1951-....</subfield><subfield code="0">(IDREF)034504443</subfield></datafield><datafield ind1=" " ind2=" " tag="900"><subfield code="a">REROnoselfmerge</subfield></datafield><datafield ind1=" " ind2=" " tag="900"><subfield code="f">IDSU2medea</subfield></datafield></record>
</metadata></record>