<record><header><identifier>oai:alma.41SLSP_UGE:991000769269705502</identifier><datestamp>2023-06-26T00:15:31Z</datestamp><setSpec>UNIGE_ALL</setSpec></header><metadata>
<record xmlns="http://www.loc.gov/MARC21/slim" xmlns:xsi="http://www.w3.org/2001/XMLSchema-instance" xsi:schemaLocation="http://www.loc.gov/MARC21/slim http://www.loc.gov/standards/marcxml/schema/MARC21slim.xsd"><leader>02376ngm a2200433 c 4500</leader><controlfield tag="001">991000769269705502</controlfield><controlfield tag="005">20230625183756.0</controlfield><controlfield tag="007">vd |v||||</controlfield><controlfield tag="008">181218s2018    fr ||| |          v|ita d</controlfield><datafield ind1="4" ind2="2" tag="028"><subfield code="a">3545020060667</subfield></datafield><datafield ind1=" " ind2=" " tag="035"><subfield code="a">(swissbib)125355890-41slsp_network</subfield></datafield><datafield ind1=" " ind2=" " tag="035"><subfield code="a">125355890</subfield><subfield code="9">ExL</subfield></datafield><datafield ind1=" " ind2=" " tag="035"><subfield code="a">(RERO)R008878925-41slsp</subfield></datafield><datafield ind1=" " ind2=" " tag="035"><subfield code="a">(EXLNZ-41SLSP_NETWORK)991093820379705501</subfield></datafield><datafield ind1=" " ind2=" " tag="040"><subfield code="a">RERO frbcuc</subfield><subfield code="d">CH-ZuSLS</subfield></datafield><datafield ind1="1" ind2=" " tag="041"><subfield code="a">ita</subfield><subfield code="a">fre</subfield><subfield code="h">ita</subfield></datafield><datafield ind1=" " ind2="7" tag="072"><subfield code="a">ba</subfield><subfield code="2">rero</subfield></datafield><datafield ind1="0" ind2="0" tag="245"><subfield code="a">&lt;&lt;Una&gt;&gt; questione privata</subfield><subfield code="c">un film de Paolo et Vittorio Taviani ; d'après le roman &quot;Une affaire personnelle&quot; de Beppe Fenoglio ; musique Giuliano Taviani, Carmelo Travia ; prod. par Donatella Palermo ... [et al.]</subfield></datafield><datafield ind1=" " ind2="1" tag="264"><subfield code="a">[Paris]</subfield><subfield code="b">Pyramide Vidéo</subfield><subfield code="c">2018</subfield></datafield><datafield ind1=" " ind2=" " tag="300"><subfield code="a">1 DVD vidéo (ca. 82 min)</subfield></datafield><datafield ind1=" " ind2=" " tag="336"><subfield code="b">tdi</subfield><subfield code="2">rdacontent</subfield></datafield><datafield ind1=" " ind2=" " tag="337"><subfield code="b">v</subfield><subfield code="2">rdamedia</subfield></datafield><datafield ind1=" " ind2=" " tag="338"><subfield code="b">vd</subfield><subfield code="2">rdacarrier</subfield></datafield><datafield ind1=" " ind2=" " tag="385"><subfield code="a">Dès 16 ans</subfield><subfield code="2">rero</subfield></datafield><datafield ind1=" " ind2=" " tag="500"><subfield code="a">Une prod.: Stemal Entertainment - Ipotesi Cinema - RAI Cinema, 2017</subfield></datafield><datafield ind1=" " ind2=" " tag="500"><subfield code="a">Version originale italienne sous-titrée français</subfield></datafield><datafield ind1="0" ind2=" " tag="505"><subfield code="a">Bonus : Entretien avec Paolo Taviani (31 min.) ; Scène coupée (2 min.)</subfield></datafield><datafield ind1="0" ind2=" " tag="511"><subfield code="a">Luca Marinelli ; Lorenzo Richelmy ; Valentina Bellè ; Francesca Agostini ; Jacopo Olmo ; Antinori Antonella ; Attili Giulio ... et al.</subfield></datafield><datafield ind1="8" ind2=" " tag="520"><subfield code="a">Historique</subfield><subfield code="5">RERO/vsbcce/01.2019</subfield></datafield><datafield ind1="8" ind2=" " tag="520"><subfield code="a">&quot;Eté 43, Piémont. Milton aime Fulvia qui joue avec son amour : elle aime surtout la profondeur de sa pensée et les lettres qu'il lui écrit. Un an plus tard, Milton est entré dans la Résistance et se bat aux côtés d'autres partisans. Au détour d'une conversation, il apprend que Fulvia aimait en secret son ami Giorgio, partisan lui aussi. Milton se lance alors à la recherche de Giorgio dans les collines des Langhes enveloppées de brouillard... Mais Giorgio vient d'être arrêté par les fascistes.&quot;</subfield><subfield code="5">RERO/geumem/01.2019</subfield></datafield><datafield ind1=" " ind2="7" tag="655"><subfield code="a">Films dramatiques</subfield><subfield code="0">(IDREF)077067622</subfield><subfield code="2">idref</subfield></datafield><datafield ind1=" " ind2="7" tag="655"><subfield code="a">Films de guerre</subfield><subfield code="0">(IDREF)02787740X</subfield><subfield code="2">idref</subfield></datafield><datafield ind1=" " ind2="7" tag="655"><subfield code="a">Films de fiction</subfield><subfield code="0">(IDREF)14779644X</subfield><subfield code="2">idref</subfield></datafield><datafield ind1=" " ind2="7" tag="655"><subfield code="a">DVD</subfield><subfield code="0">(IDREF)035108444</subfield><subfield code="2">idref</subfield></datafield><datafield ind1="1" ind2=" " tag="700"><subfield code="a">Taviani, Paolo</subfield><subfield code="0">(RERO)A003889718</subfield></datafield><datafield ind1="1" ind2=" " tag="700"><subfield code="a">Taviani, Vittorio</subfield><subfield code="0">(RERO)A003889721</subfield></datafield><datafield ind1="1" ind2=" " tag="700"><subfield code="a">Taviani, Giuliano</subfield><subfield code="d">1969-....</subfield><subfield code="0">(IDREF)12002800X</subfield></datafield><datafield ind1="1" ind2=" " tag="700"><subfield code="a">Travia, Carmelo</subfield><subfield code="0">(IDREF)187856397</subfield></datafield><datafield ind1="1" ind2=" " tag="700"><subfield code="a">Palermo, Donatella</subfield><subfield code="0">(RERO)A026975705</subfield></datafield><datafield ind1="1" ind2=" " tag="700"><subfield code="a">Fenoglio, Beppe</subfield><subfield code="0">(RERO)A003237612</subfield></datafield></record>
</metadata></record>