<record><header><identifier>oai:alma.41SLSP_UGE:991000769059705502</identifier><datestamp>2023-04-08T00:23:53Z</datestamp><setSpec>uge_bcen_RapidILL_BOOK</setSpec><setSpec>uge_aaca_RapidILL_BOOK</setSpec><setSpec>uge_abels_RapidILL_BOOK</setSpec><setSpec>uge_dbu_RapidILL_BOOK</setSpec><setSpec>uge_cmu_RapidILL_BOOK</setSpec><setSpec>uge_mail_RapidILL_BOOK</setSpec><setSpec>uge_abbat_RapidILL_BOOK</setSpec><setSpec>UNIGE_ALL</setSpec><setSpec>uge_aobs_RapidILL_BOOK</setSpec><setSpec>uge_acar_RapidILL_BOOK</setSpec></header><metadata>
<record xmlns="http://www.loc.gov/MARC21/slim" xmlns:xsi="http://www.w3.org/2001/XMLSchema-instance" xsi:schemaLocation="http://www.loc.gov/MARC21/slim http://www.loc.gov/standards/marcxml/schema/MARC21slim.xsd"><leader>02332nam a2200349 c 4500</leader><controlfield tag="001">991000769059705502</controlfield><controlfield tag="005">20230407144059.0</controlfield><controlfield tag="008">870615s1975    ru ||||| |||| 00| ||rus d</controlfield><datafield ind1="7" ind2=" " tag="024"><subfield code="a">http://catalogue.bnf.fr/ark:/12148/cb439664425</subfield><subfield code="2">uri</subfield></datafield><datafield ind1=" " ind2=" " tag="035"><subfield code="a">(swissbib)081833903-41slsp_network</subfield></datafield><datafield ind1=" " ind2=" " tag="035"><subfield code="a">081833903</subfield><subfield code="9">ExL</subfield></datafield><datafield ind1=" " ind2=" " tag="035"><subfield code="a">(RERO)0852983-41slsp</subfield></datafield><datafield ind1=" " ind2=" " tag="035"><subfield code="a">(EXLNZ-41SLSP_NETWORK)991032764109705501</subfield></datafield><datafield ind1=" " ind2=" " tag="040"><subfield code="a">RERO labcud</subfield><subfield code="d">CH-ZuSLS</subfield></datafield><datafield ind1=" " ind2="7" tag="072"><subfield code="a">ru</subfield><subfield code="2">rero</subfield></datafield><datafield ind1="0" ind2="0" tag="245"><subfield code="6">880-01</subfield><subfield code="a">Dekabristy</subfield><subfield code="b">[antologii︠a︡ v dvukh tomakh]</subfield><subfield code="c">sostavil Vl. Orlov</subfield></datafield><datafield ind1="0" ind2="0" tag="880"><subfield code="6">245-01/(N</subfield><subfield code="a">Декабристы</subfield><subfield code="b">[антология в двух томах]</subfield><subfield code="c">составил Вл. Орлов</subfield></datafield><datafield ind1="1" ind2=" " tag="246"><subfield code="a">Dekabristy</subfield><subfield code="b">[antologija v dvuch tomach] / sostavil Vl. Orlov</subfield></datafield><datafield ind1=" " ind2="1" tag="264"><subfield code="6">880-02</subfield><subfield code="a">Leningrad</subfield><subfield code="b">Chudožestvennaja literatura</subfield><subfield code="c">1975</subfield></datafield><datafield ind1=" " ind2="1" tag="880"><subfield code="6">264-02/(N</subfield><subfield code="a">Ленинград</subfield><subfield code="b">Художественная литература</subfield><subfield code="c">1975</subfield></datafield><datafield ind1=" " ind2=" " tag="300"><subfield code="a">2 vol.</subfield><subfield code="b">ill.</subfield><subfield code="c">21 cm</subfield></datafield><datafield ind1=" " ind2=" " tag="336"><subfield code="b">txt</subfield><subfield code="2">rdacontent</subfield></datafield><datafield ind1=" " ind2=" " tag="337"><subfield code="b">n</subfield><subfield code="2">rdamedia</subfield></datafield><datafield ind1=" " ind2=" " tag="338"><subfield code="b">nc</subfield><subfield code="2">rdacarrier</subfield></datafield><datafield ind1=" " ind2=" " tag="500"><subfield code="a">T.1 : Poėzija, T.2 : Proza. Literaturnaja kritika</subfield></datafield><datafield ind1=" " ind2=" " tag="500"><subfield code="a">T.1 : Поэзия, T.2 : Проза. Литературная критика</subfield></datafield><datafield ind1=" " ind2="7" tag="650"><subfield code="a">Littérature russe</subfield><subfield code="0">(IDREF)027275752</subfield><subfield code="2">idref</subfield></datafield><datafield ind1=" " ind2="7" tag="650"><subfield code="a">1820-1840</subfield><subfield code="2">rero</subfield></datafield><datafield ind1=" " ind2="7" tag="650"><subfield code="a">Décembristes</subfield><subfield code="0">(IDREF)050546325</subfield><subfield code="2">idref</subfield></datafield><datafield ind1=" " ind2="7" tag="655"><subfield code="a">Anthologies</subfield><subfield code="0">(IDREF)027269493</subfield><subfield code="2">idref</subfield></datafield><datafield ind1="1" ind2=" " tag="700"><subfield code="6">880-04</subfield><subfield code="a">Orlov, Vladimir Nikolaevič</subfield><subfield code="d">1908-1985</subfield><subfield code="0">(IDREF)034372458</subfield></datafield><datafield ind1="1" ind2=" " tag="880"><subfield code="6">700-04/(N</subfield><subfield code="a">Орлов, Владимир Николаевич</subfield></datafield><datafield ind1=" " ind2=" " tag="900"><subfield code="a">REROnoselfmerge</subfield></datafield></record>
</metadata></record>