<record><header><identifier>oai:alma.41SLSP_UGE:991000769459705502</identifier><datestamp>2023-03-31T00:18:26Z</datestamp><setSpec>uge_cmu_RapidILL_JOURNAL</setSpec><setSpec>uge_aobs_RapidILL_JOURNAL</setSpec><setSpec>uge_aaca_RapidILL_JOURNAL</setSpec><setSpec>uge_abbat_RapidILL_JOURNAL</setSpec><setSpec>uge_bcen_RapidILL_JOURNAL</setSpec><setSpec>uge_dbu_RapidILL_JOURNAL</setSpec><setSpec>uge_mail_RapidILL_JOURNAL</setSpec><setSpec>uge_abels_RapidILL_JOURNAL</setSpec><setSpec>UNIGE_ALL</setSpec><setSpec>uge_acar_RapidILL_JOURNAL</setSpec></header><metadata>
<record xmlns="http://www.loc.gov/MARC21/slim" xmlns:xsi="http://www.w3.org/2001/XMLSchema-instance" xsi:schemaLocation="http://www.loc.gov/MARC21/slim http://www.loc.gov/standards/marcxml/schema/MARC21slim.xsd"><leader>01553nas a2200421 c 4500</leader><controlfield tag="001">991000769459705502</controlfield><controlfield tag="005">20230330191238.0</controlfield><controlfield tag="008">201011c20019999sz  | p       0    |ger  </controlfield><datafield ind1=" " ind2=" " tag="022"><subfield code="a">1424-8158</subfield></datafield><datafield ind1=" " ind2=" " tag="035"><subfield code="a">(swissbib)22539054X-41slsp_network</subfield></datafield><datafield ind1=" " ind2=" " tag="035"><subfield code="a">22539054X</subfield><subfield code="9">ExL</subfield></datafield><datafield ind1=" " ind2=" " tag="035"><subfield code="a">(IDSBB)002926958DSV01</subfield></datafield><datafield ind1=" " ind2=" " tag="035"><subfield code="a">(NEBIS)004250109EBI01</subfield></datafield><datafield ind1=" " ind2=" " tag="035"><subfield code="a">(RERO)R003767397-41slsp</subfield></datafield><datafield ind1=" " ind2=" " tag="035"><subfield code="a">(EXLNZ-41SLSP_NETWORK)991000985699705501</subfield></datafield><datafield ind1=" " ind2=" " tag="040"><subfield code="a">SzZuIDS BS/BE B583</subfield><subfield code="e">kids</subfield><subfield code="d">CH-ZuSLS</subfield></datafield><datafield ind1=" " ind2=" " tag="044"><subfield code="a">sz</subfield><subfield code="c">ch-sh</subfield></datafield><datafield ind1=" " ind2="7" tag="072"><subfield code="a">me</subfield><subfield code="2">rero</subfield></datafield><datafield ind1=" " ind2="7" tag="072"><subfield code="a">pa</subfield><subfield code="2">rero</subfield></datafield><datafield ind1="0" ind2="0" tag="245"><subfield code="a">Phytotherapie</subfield><subfield code="b">schweizerische medizinische Zeitschrift für Phytotherapie</subfield></datafield><datafield ind1=" " ind2="1" tag="264"><subfield code="a">Neuhausen</subfield><subfield code="b">Rosenfluh Publ.</subfield></datafield><datafield ind1=" " ind2=" " tag="300"><subfield code="c">30 cm</subfield></datafield><datafield ind1=" " ind2=" " tag="310"><subfield code="a">5x/Jahr</subfield></datafield><datafield ind1=" " ind2=" " tag="336"><subfield code="b">txt</subfield><subfield code="2">rdacontent</subfield></datafield><datafield ind1=" " ind2=" " tag="337"><subfield code="b">n</subfield><subfield code="2">rdamedia</subfield></datafield><datafield ind1=" " ind2=" " tag="338"><subfield code="b">nc</subfield><subfield code="2">rdacarrier</subfield></datafield><datafield ind1="0" ind2=" " tag="362"><subfield code="a">Jg. 1, Nr. 1 (März 2001)-Jg. 8, Nr. 5 (Nov. 2008)</subfield></datafield><datafield ind1=" " ind2=" " tag="580"><subfield code="a">Suppl. de: Ars Medici</subfield></datafield><datafield ind1=" " ind2="7" tag="650"><subfield code="a">Heilpflanzen</subfield><subfield code="2">idszbz</subfield></datafield><datafield ind1=" " ind2="7" tag="650"><subfield code="a">Phytothérapie</subfield><subfield code="0">(IDREF)027247066</subfield><subfield code="2">idref</subfield></datafield><datafield ind1=" " ind2="7" tag="655"><subfield code="a">Zeitschrift</subfield><subfield code="2">gnd-content</subfield></datafield><datafield ind1=" " ind2="7" tag="655"><subfield code="a">Zeitschrift</subfield><subfield code="2">idszbz</subfield></datafield><datafield ind1=" " ind2="7" tag="655"><subfield code="a">Périodiques</subfield><subfield code="0">(IDREF)02724640X</subfield><subfield code="2">idref</subfield></datafield><datafield ind1="0" ind2=" " tag="772"><subfield code="t">Ars medici</subfield><subfield code="w">(NEBIS)000978912EBI01</subfield></datafield><datafield ind1="0" ind2="0" tag="785"><subfield code="t">Ars medici. Thema Phytotherapie</subfield><subfield code="w">(swissbib)168806118-41slsp_network</subfield></datafield><datafield ind1="0" ind2=" " tag="772"><subfield code="t">Ars Medici : Schweizer Zeitschrift für Allgemeinmedizin = Journal suisse de médecine générale = Rivista Svizzera di medicina generale</subfield><subfield code="w">(RERO)0076916-41slsp</subfield></datafield><datafield ind1=" " ind2=" " tag="900"><subfield code="a">IDSZ2zbzzss200201e</subfield><subfield code="c">IDSZ2muew</subfield><subfield code="d">IDSZ2zbzswk200502b</subfield><subfield code="e">IDSZ2lehh</subfield></datafield><datafield ind1=" " ind2=" " tag="900"><subfield code="a">NEBISnoselfmerge</subfield></datafield><datafield ind1=" " ind2=" " tag="900"><subfield code="a">REROnoselfmerge</subfield></datafield></record>
</metadata></record>