<record><header><identifier>oai:alma.41SLSP_UGE:991000778609705502</identifier><datestamp>2024-09-28T00:25:05Z</datestamp><setSpec>uge_bcen_RapidILL_BOOK</setSpec><setSpec>uge_aaca_RapidILL_BOOK</setSpec><setSpec>uge_abels_RapidILL_BOOK</setSpec><setSpec>uge_dbu_RapidILL_BOOK</setSpec><setSpec>uge_cmu_RapidILL_BOOK</setSpec><setSpec>uge_mail_RapidILL_BOOK</setSpec><setSpec>uge_abbat_RapidILL_BOOK</setSpec><setSpec>UNIGE_ALL</setSpec><setSpec>uge_acar_RapidILL_BOOK</setSpec><setSpec>uge_aobs_RapidILL_BOOK</setSpec></header><metadata>
<record xmlns="http://www.loc.gov/MARC21/slim" xmlns:xsi="http://www.w3.org/2001/XMLSchema-instance" xsi:schemaLocation="http://www.loc.gov/MARC21/slim http://www.loc.gov/standards/marcxml/schema/MARC21slim.xsd"><leader>01744nam a2200397 c 4500</leader><controlfield tag="001">991000778609705502</controlfield><controlfield tag="005">20240927181934.0</controlfield><controlfield tag="008">201011s1996    xxu||||| |||| 00| ||eng d</controlfield><datafield ind1=" " ind2=" " tag="010"><subfield code="a">96017656</subfield></datafield><datafield ind1=" " ind2=" " tag="020"><subfield code="a">0813723108</subfield></datafield><datafield ind1=" " ind2=" " tag="035"><subfield code="a">(swissbib)219817782-41slsp_network</subfield></datafield><datafield ind1=" " ind2=" " tag="035"><subfield code="a">219817782</subfield><subfield code="9">ExL</subfield></datafield><datafield ind1=" " ind2=" " tag="035"><subfield code="a">(RERO)2262714-41slsp</subfield></datafield><datafield ind1=" " ind2=" " tag="035"><subfield code="a">(IDSBB)001483554DSV01</subfield></datafield><datafield ind1=" " ind2=" " tag="035"><subfield code="a">(NEBIS)001629825EBI01</subfield></datafield><datafield ind1=" " ind2=" " tag="035"><subfield code="a">(EXLNZ-41SLSP_NETWORK)991058285089705501</subfield></datafield><datafield ind1=" " ind2=" " tag="040"><subfield code="a">RERO lausst</subfield><subfield code="d">CH-ZuSLS</subfield></datafield><datafield ind1=" " ind2="7" tag="072"><subfield code="a">st</subfield><subfield code="2">rero</subfield></datafield><datafield ind1=" " ind2="7" tag="072"><subfield code="a">ge</subfield><subfield code="2">SzZuIDS BS/BE</subfield></datafield><datafield ind1="1" ind2=" " tag="100"><subfield code="a">Hereford, Richard</subfield><subfield code="0">(RERO)A003365490</subfield><subfield code="4">cre</subfield></datafield><datafield ind1="1" ind2="0" tag="245"><subfield code="a">Late holocene alluvial geomorphology of the Virgin river in the Zion national park area, southwest Utah</subfield><subfield code="c">Richard Hereford, Gordon C. Jacoby and V.A.S. McCord</subfield></datafield><datafield ind1=" " ind2="1" tag="264"><subfield code="a">Boulder Colo.</subfield><subfield code="b">Geological Society of America</subfield><subfield code="c">1996</subfield></datafield><datafield ind1=" " ind2=" " tag="300"><subfield code="a">IV, 41 S.</subfield><subfield code="c">28 cm</subfield><subfield code="b">Ill., Karten</subfield></datafield><datafield ind1=" " ind2=" " tag="336"><subfield code="b">txt</subfield><subfield code="2">rdacontent</subfield></datafield><datafield ind1=" " ind2=" " tag="337"><subfield code="b">n</subfield><subfield code="2">rdamedia</subfield></datafield><datafield ind1=" " ind2=" " tag="338"><subfield code="b">nc</subfield><subfield code="2">rdacarrier</subfield></datafield><datafield ind1="1" ind2=" " tag="490"><subfield code="a">Special paper / Geological Society of America</subfield><subfield code="v">310</subfield></datafield><datafield ind1=" " ind2="7" tag="650"><subfield code="a">FLUSSSYSTEME + POTAMOLOGIE (HYDROLOGIE)</subfield><subfield code="9">ger</subfield><subfield code="0">(ETHUDK)000020852</subfield><subfield code="2">ethudk</subfield></datafield><datafield ind1=" " ind2="7" tag="650"><subfield code="a">FLUVIATILE UND ALLUVIALE EBENE (ABLAGERUNGSMILIEU)</subfield><subfield code="9">ger</subfield><subfield code="0">(ETHUDK)000045232</subfield><subfield code="2">ethudk</subfield></datafield><datafield ind1=" " ind2="7" tag="650"><subfield code="a">GEOMORPHOLOGISCHE VORGÄNGE + ERDOBERFLÄCHENFORMEN (GEOMORPHOLOGIE)</subfield><subfield code="9">ger</subfield><subfield code="0">(ETHUDK)000020115</subfield><subfield code="2">ethudk</subfield></datafield><datafield ind1=" " ind2="7" tag="650"><subfield code="a">POSTGLAZIALZEIT + HOLOZAEN + FLANDRIEN + VERSILIAN (STRATIGRAPHIE)</subfield><subfield code="9">ger</subfield><subfield code="0">(ETHUDK)000020514</subfield><subfield code="2">ethudk</subfield></datafield><datafield ind1=" " ind2="7" tag="650"><subfield code="a">UTAH, BUNDESSTAAT (USA)</subfield><subfield code="9">ger</subfield><subfield code="0">(ETHUDK)000008052</subfield><subfield code="2">ethudk</subfield></datafield><datafield ind1="1" ind2=" " tag="700"><subfield code="a">MacCord, V. Alexander S.</subfield></datafield><datafield ind1="1" ind2=" " tag="700"><subfield code="a">McCord, V. Alexander S.</subfield></datafield><datafield ind1="1" ind2=" " tag="700"><subfield code="a">Jacoby, Gordon C</subfield><subfield code="0">(RERO)A003416509</subfield></datafield><datafield ind1=" " ind2=" " tag="830"><subfield code="a">Special paper</subfield><subfield code="g">Geological Society of America</subfield><subfield code="v">310</subfield><subfield code="w">(NEBIS)000025725EBI01</subfield></datafield><datafield ind1=" " ind2=" " tag="900"><subfield code="a">REROnoselfmerge</subfield></datafield></record>
</metadata></record>