<record><header><identifier>oai:alma.41SLSP_UGE:991000768739705502</identifier><datestamp>2023-07-04T00:40:28Z</datestamp><setSpec>uge_bcen_RapidILL_BOOK</setSpec><setSpec>uge_aaca_RapidILL_BOOK</setSpec><setSpec>uge_abels_RapidILL_BOOK</setSpec><setSpec>uge_dbu_RapidILL_BOOK</setSpec><setSpec>uge_cmu_RapidILL_BOOK</setSpec><setSpec>uge_mail_RapidILL_BOOK</setSpec><setSpec>uge_abbat_RapidILL_BOOK</setSpec><setSpec>UNIGE_ALL</setSpec><setSpec>uge_aobs_RapidILL_BOOK</setSpec><setSpec>uge_acar_RapidILL_BOOK</setSpec></header><metadata>
<record xmlns="http://www.loc.gov/MARC21/slim" xmlns:xsi="http://www.w3.org/2001/XMLSchema-instance" xsi:schemaLocation="http://www.loc.gov/MARC21/slim http://www.loc.gov/standards/marcxml/schema/MARC21slim.xsd"><leader>04006nam a2200469 c 4500</leader><controlfield tag="001">991000768739705502</controlfield><controlfield tag="005">20230703083019.0</controlfield><controlfield tag="008">201011s2015    fr       |||| 00| | fre|d</controlfield><datafield ind1=" " ind2=" " tag="020"><subfield code="a">9782200271749</subfield></datafield><datafield ind1="7" ind2=" " tag="024"><subfield code="a">http://catalogue.bnf.fr/ark:/12148/cb443319137</subfield><subfield code="2">uri</subfield></datafield><datafield ind1=" " ind2=" " tag="035"><subfield code="a">(swissbib)221105549-41slsp_network</subfield></datafield><datafield ind1=" " ind2=" " tag="035"><subfield code="a">221105549</subfield><subfield code="9">ExL</subfield></datafield><datafield ind1=" " ind2=" " tag="035"><subfield code="a">(NEBIS)010607114EBI01</subfield></datafield><datafield ind1=" " ind2=" " tag="035"><subfield code="a">(RERO)R007125867-41slsp</subfield></datafield><datafield ind1=" " ind2=" " tag="035"><subfield code="a">(EXLNZ-41SLSP_NETWORK)991026456059705501</subfield></datafield><datafield ind1=" " ind2=" " tag="040"><subfield code="a">SzZuIDS NEBIS UZH-ROSE</subfield><subfield code="b">ger</subfield><subfield code="e">rda</subfield><subfield code="d">CH-ZuSLS</subfield></datafield><datafield ind1=" " ind2="7" tag="072"><subfield code="a">hg</subfield><subfield code="2">rero</subfield></datafield><datafield ind1="1" ind2=" " tag="100"><subfield code="6">880-01</subfield><subfield code="a">Coquio, Catherine</subfield><subfield code="d">1960-</subfield><subfield code="0">(DE-588)136998453</subfield><subfield code="e">Verfasser</subfield><subfield code="4">aut</subfield></datafield><datafield ind1="1" ind2=" " tag="880"><subfield code="6">100-01</subfield><subfield code="a">Coquio, Catherine</subfield><subfield code="d">1960-....</subfield><subfield code="0">(IDREF)032245297</subfield><subfield code="4">aut</subfield></datafield><datafield ind1="1" ind2="0" tag="245"><subfield code="a">&lt;&lt;Le&gt;&gt; mal de vérité</subfield><subfield code="b">ou l'utopie de la mémoire</subfield><subfield code="c">Catherine Coquio</subfield></datafield><datafield ind1=" " ind2="1" tag="264"><subfield code="a">Paris</subfield><subfield code="b">A. Colin</subfield><subfield code="c">2015</subfield></datafield><datafield ind1=" " ind2=" " tag="300"><subfield code="a">317 Seiten</subfield></datafield><datafield ind1=" " ind2=" " tag="336"><subfield code="b">txt</subfield><subfield code="2">rdacontent</subfield></datafield><datafield ind1=" " ind2=" " tag="337"><subfield code="b">n</subfield><subfield code="2">rdamedia</subfield></datafield><datafield ind1=" " ind2=" " tag="338"><subfield code="b">nc</subfield><subfield code="2">rdacarrier</subfield></datafield><datafield ind1="0" ind2=" " tag="490"><subfield code="a">Le temps des idées</subfield></datafield><datafield ind1="0" ind2=" " tag="505"><subfield code="a">Première partie : Le mal de vérité. 1. Pour une histoire politique du mensonge et de la vérité. 2. La destruction du réel et sa réfutation. 3. La &quot; réfutation &quot; du témoin. 4. Une vérité sans autorité. Deuxième partie : Le témoignage comme utopie et la mémoire comme religion. 1. Culture de la mémoire et devoir de mémoire : la captation du témoin. 2. Le &quot; passage de témoin &quot;. 3. Le témoignage comme utopie. Troisième partie : Le retour de la catharsis. 1. La catharsis après la catastrophe. 2. La &quot; catharsis impossible &quot; ou l'interdit de représentation. 3. &quot; Une possibilité de tragédie &quot;. Imre Kertész.4. Témoignage et tragédie. Épilogue : &quot; N'oublie pas le meilleur &quot;.</subfield></datafield><datafield ind1="4" ind2=" " tag="510"><subfield code="a">La Vie des idées [en ligne]. - Mis en ligne le 20.06.2016 ( Éric Méchoulan).</subfield></datafield><datafield ind1="8" ind2=" " tag="520"><subfield code="a">4e de couv.: Mémoire, témoignage, catharsis : ces mots ne cessent de revenir au sujet des grandes catastrophes politiques du 20e siècle, comme s'ils nous aidaient à les assimiler. La hantise d'un effondrement a donné lieu à une religion de la transmission. Mais en réalité nul ne sait quoi faire d'un si monstrueux héritage, qui nous barre l'accès au présent et obstrue notre avenir. De ce non-savoir vient le mot &quot; mémoire &quot; sous lequel s'agitent le chaos des chagrins individuels et celui des luttes pour la reconnaissance, un nouveau vocabulaire politique, un marché culturel, et à présent un champ académique : bref une culture. Mais cette culture semble aujourd'hui toucher ses limites en se désamarrant du réel au point de faire écran à ce dont elle se réclame : la réalité passée et sa mémoire. L'auteur prend le parti de changer de perspective en voyant s'exprimer, dans cette impasse, une angoisse de la vérité. Au-delà du refus d'oublier, ce qui déchire l'espèce et détruit un monde produit pour certains un mal de vérité particulier, qui s'accompagne d'une crise de la vérité inédite. Sous un fatras d'époque, l'auteure dessine les contours d'une étrange utopie. En dressant la physionomie critique de cette culture de la mémoire elle tente un autre usage des textes témoins, pour penser avec eux le mal de vérité qui travaille notre rapport au passé, et trouver un nouveau rapport politique au présent.</subfield><subfield code="5">RERO/neueth/06.2015</subfield></datafield><datafield ind1=" " ind2="7" tag="648"><subfield code="a">Geschichte 1900-2000</subfield><subfield code="2">gnd</subfield></datafield><datafield ind1=" " ind2="7" tag="650"><subfield code="a">Kollektives Gedächtnis</subfield><subfield code="0">(DE-588)4200793-8</subfield><subfield code="2">gnd</subfield></datafield><datafield ind1=" " ind2="7" tag="650"><subfield code="a">Vergangenheit</subfield><subfield code="0">(DE-588)4316381-6</subfield><subfield code="2">gnd</subfield></datafield><datafield ind1=" " ind2="7" tag="650"><subfield code="a">Wahrheit</subfield><subfield code="g">Motiv</subfield><subfield code="0">(DE-588)4374358-4</subfield><subfield code="2">gnd</subfield></datafield><datafield ind1=" " ind2="7" tag="650"><subfield code="a">Literatur</subfield><subfield code="0">(DE-588)4035964-5</subfield><subfield code="2">gnd</subfield></datafield><datafield ind1=" " ind2="7" tag="650"><subfield code="a">Philosophie</subfield><subfield code="0">(DE-588)4045791-6</subfield><subfield code="2">gnd</subfield></datafield><datafield ind1=" " ind2="7" tag="650"><subfield code="a">Wahrheit</subfield><subfield code="0">(DE-588)4064314-1</subfield><subfield code="2">gnd</subfield></datafield><datafield ind1=" " ind2="7" tag="650"><subfield code="a">Mémoire collective</subfield><subfield code="0">(IDREF)030288185</subfield><subfield code="2">idref</subfield></datafield><datafield ind1=" " ind2="7" tag="650"><subfield code="a">Témoignage historique</subfield><subfield code="0">(IDREF)035777494</subfield><subfield code="2">idref</subfield></datafield><datafield ind1=" " ind2="7" tag="650"><subfield code="a">Catharsis</subfield><subfield code="0">(IDREF)027444600</subfield><subfield code="2">idref</subfield></datafield><datafield ind1=" " ind2="7" tag="650"><subfield code="a">Vérité et mensonge</subfield><subfield code="0">(IDREF)027412636</subfield><subfield code="2">idref</subfield></datafield><datafield ind1=" " ind2="7" tag="650"><subfield code="a">Histoire</subfield><subfield code="0">(IDREF)02726470X</subfield><subfield code="2">idref</subfield></datafield><datafield ind1="4" ind2="2" tag="856"><subfield code="3">Compte-rendu</subfield><subfield code="u">http://www.laviedesidees.fr/Pesante-memoire.html</subfield></datafield><datafield ind1=" " ind2=" " tag="900"><subfield code="a">REROnoselfmerge</subfield></datafield></record>
</metadata></record>