<record><header><identifier>oai:alma.41SLSP_UGE:991000778819705502</identifier><datestamp>2023-03-01T01:09:43Z</datestamp><setSpec>uge_bcen_RapidILL_BOOK</setSpec><setSpec>uge_aaca_RapidILL_BOOK</setSpec><setSpec>uge_abels_RapidILL_BOOK</setSpec><setSpec>uge_dbu_RapidILL_BOOK</setSpec><setSpec>uge_cmu_RapidILL_BOOK</setSpec><setSpec>uge_mail_RapidILL_BOOK</setSpec><setSpec>UNIGE_ALL</setSpec><setSpec>uge_abbat_RapidILL_BOOK</setSpec><setSpec>uge_aobs_RapidILL_BOOK</setSpec><setSpec>uge_acar_RapidILL_BOOK</setSpec></header><metadata>
<record xmlns="http://www.loc.gov/MARC21/slim" xmlns:xsi="http://www.w3.org/2001/XMLSchema-instance" xsi:schemaLocation="http://www.loc.gov/MARC21/slim http://www.loc.gov/standards/marcxml/schema/MARC21slim.xsd"><leader>00807nam a2200265 c 4500</leader><controlfield tag="001">991000778819705502</controlfield><controlfield tag="005">20201227141444.0</controlfield><controlfield tag="008">000922s1998    po ||||| |||| 00| ||por d</controlfield><datafield ind1=" " ind2=" " tag="020"><subfield code="a">9722102869</subfield></datafield><datafield ind1=" " ind2=" " tag="035"><subfield code="a">(swissbib)095832262-41slsp_network</subfield></datafield><datafield ind1=" " ind2=" " tag="035"><subfield code="a">095832262</subfield><subfield code="9">ExL</subfield></datafield><datafield ind1=" " ind2=" " tag="035"><subfield code="a">(RERO)R271520760-41slsp</subfield></datafield><datafield ind1=" " ind2=" " tag="035"><subfield code="a">(EXLNZ-41SLSP_NETWORK)991102237809705501</subfield></datafield><datafield ind1=" " ind2=" " tag="040"><subfield code="a">RERO necfbv</subfield><subfield code="d">CH-ZuSLS</subfield></datafield><datafield ind1=" " ind2="7" tag="072"><subfield code="a">es</subfield><subfield code="2">rero</subfield></datafield><datafield ind1="1" ind2=" " tag="100"><subfield code="a">Saramago, José</subfield><subfield code="d">1922-2010</subfield><subfield code="0">(IDREF)030867975</subfield><subfield code="4">aut</subfield></datafield><datafield ind1="1" ind2="0" tag="245"><subfield code="a">&lt;&lt;O&gt;&gt; ano da morte de Ricardo Reis</subfield><subfield code="b">romance</subfield><subfield code="c">José Saramago</subfield></datafield><datafield ind1=" " ind2=" " tag="250"><subfield code="a">14a ed.</subfield></datafield><datafield ind1=" " ind2="1" tag="264"><subfield code="a">Lisboa</subfield><subfield code="b">Caminho</subfield><subfield code="c">1998</subfield></datafield><datafield ind1=" " ind2=" " tag="300"><subfield code="a">407 p.</subfield><subfield code="c">21 cm</subfield></datafield><datafield ind1=" " ind2=" " tag="336"><subfield code="b">txt</subfield><subfield code="2">rdacontent</subfield></datafield><datafield ind1=" " ind2=" " tag="337"><subfield code="b">n</subfield><subfield code="2">rdamedia</subfield></datafield><datafield ind1=" " ind2=" " tag="338"><subfield code="b">nc</subfield><subfield code="2">rdacarrier</subfield></datafield><datafield ind1="1" ind2=" " tag="490"><subfield code="a">O Campo da palavra</subfield></datafield><datafield ind1=" " ind2=" " tag="830"><subfield code="a">&lt;&lt;O&gt;&gt; campo da palavra</subfield><subfield code="w">(RERO)R271531760-41slsp</subfield></datafield><datafield ind1=" " ind2=" " tag="900"><subfield code="a">REROnoselfmerge</subfield></datafield><datafield ind1=" " ind2=" " tag="993"><subfield code="a">BFLA 288597</subfield><subfield code="x">ge/ulpo/d/19/CEL</subfield><subfield code="9">LOCAL</subfield></datafield></record>
</metadata></record>