<record><header><identifier>oai:alma.41SLSP_UGE:991000768839705502</identifier><datestamp>2024-09-28T00:14:32Z</datestamp><setSpec>uge_bcen_RapidILL_BOOK</setSpec><setSpec>uge_aaca_RapidILL_BOOK</setSpec><setSpec>uge_abels_RapidILL_BOOK</setSpec><setSpec>uge_dbu_RapidILL_BOOK</setSpec><setSpec>uge_cmu_RapidILL_BOOK</setSpec><setSpec>uge_mail_RapidILL_BOOK</setSpec><setSpec>uge_abbat_RapidILL_BOOK</setSpec><setSpec>UNIGE_ALL</setSpec><setSpec>uge_aobs_RapidILL_BOOK</setSpec><setSpec>uge_acar_RapidILL_BOOK</setSpec></header><metadata>
<record xmlns="http://www.loc.gov/MARC21/slim" xmlns:xsi="http://www.w3.org/2001/XMLSchema-instance" xsi:schemaLocation="http://www.loc.gov/MARC21/slim http://www.loc.gov/standards/marcxml/schema/MARC21slim.xsd"><leader>02179nam a2200601 c 4500</leader><controlfield tag="001">991000768839705502</controlfield><controlfield tag="005">20240927123624.0</controlfield><controlfield tag="008">201012s1995    fr ||||| |||| 00| ||fre d</controlfield><datafield ind1=" " ind2=" " tag="020"><subfield code="a">2275002456</subfield></datafield><datafield ind1=" " ind2=" " tag="035"><subfield code="a">(swissbib)23871506X-41slsp_network</subfield></datafield><datafield ind1=" " ind2=" " tag="035"><subfield code="a">23871506X</subfield><subfield code="9">ExL</subfield></datafield><datafield ind1=" " ind2=" " tag="035"><subfield code="a">(RERO)2149984-41slsp</subfield></datafield><datafield ind1=" " ind2=" " tag="035"><subfield code="a">(NEBIS)001634170EBI01</subfield></datafield><datafield ind1=" " ind2=" " tag="035"><subfield code="a">(IDSBB)001288281DSV01</subfield></datafield><datafield ind1=" " ind2=" " tag="035"><subfield code="a">(EXLNZ-41SLSP_NETWORK)991034735869705501</subfield></datafield><datafield ind1=" " ind2=" " tag="040"><subfield code="a">RERO labcud</subfield><subfield code="d">CH-ZuSLS</subfield></datafield><datafield ind1=" " ind2="7" tag="072"><subfield code="a">ss</subfield><subfield code="2">rero</subfield></datafield><datafield ind1=" " ind2="7" tag="072"><subfield code="a">dr</subfield><subfield code="2">rero</subfield></datafield><datafield ind1=" " ind2="7" tag="072"><subfield code="a">ra</subfield><subfield code="2">SzZuIDS BS/BE</subfield></datafield><datafield ind1=" " ind2="7" tag="072"><subfield code="a">sz</subfield><subfield code="2">SzZuIDS BS/BE</subfield></datafield><datafield ind1="0" ind2="0" tag="082"><subfield code="a">340/.115</subfield><subfield code="2">21</subfield></datafield><datafield ind1="1" ind2="4" tag="082"><subfield code="a">340.115</subfield><subfield code="2">22</subfield></datafield><datafield ind1="1" ind2="4" tag="082"><subfield code="a">340.1</subfield><subfield code="2">21</subfield></datafield><datafield ind1="1" ind2="4" tag="082"><subfield code="a">300</subfield><subfield code="2">15</subfield></datafield><datafield ind1="1" ind2="4" tag="082"><subfield code="a">340</subfield><subfield code="2">15</subfield></datafield><datafield ind1=" " ind2=" " tag="084"><subfield code="a">A 18.2 g</subfield><subfield code="2">cjurrom</subfield></datafield><datafield ind1=" " ind2=" " tag="084"><subfield code="a">PI 5020</subfield><subfield code="2">rvk</subfield></datafield><datafield ind1="0" ind2="0" tag="245"><subfield code="a">Actualité de Max Weber pour la sociologie du droit</subfield><subfield code="c">sous la dir. de Pierre Lascoumes</subfield></datafield><datafield ind1=" " ind2="1" tag="264"><subfield code="a">Paris</subfield><subfield code="b">L.G.D.J.</subfield><subfield code="c">1995</subfield></datafield><datafield ind1=" " ind2=" " tag="300"><subfield code="a">274 p.</subfield><subfield code="c">24 cm</subfield></datafield><datafield ind1=" " ind2=" " tag="336"><subfield code="b">txt</subfield><subfield code="2">rdacontent</subfield></datafield><datafield ind1=" " ind2=" " tag="337"><subfield code="b">n</subfield><subfield code="2">rdamedia</subfield></datafield><datafield ind1=" " ind2=" " tag="338"><subfield code="b">nc</subfield><subfield code="2">rdacarrier</subfield></datafield><datafield ind1="1" ind2=" " tag="490"><subfield code="a">Droit et société</subfield><subfield code="v">14</subfield></datafield><datafield ind1=" " ind2=" " tag="504"><subfield code="a">Bibliogr</subfield></datafield><datafield ind1="1" ind2="7" tag="600"><subfield code="a">Weber, Max</subfield><subfield code="d">1864-1920</subfield><subfield code="0">(IDREF)027194035</subfield><subfield code="2">idref</subfield></datafield><datafield ind1="1" ind2="7" tag="600"><subfield code="a">Weber, Max</subfield><subfield code="d">1864-1920</subfield><subfield code="0">(DE-588)118629743</subfield><subfield code="2">gnd</subfield></datafield><datafield ind1="1" ind2="7" tag="600"><subfield code="a">Weber, Max (1864-1920)</subfield><subfield code="2">idszbz</subfield></datafield><datafield ind1="1" ind2="0" tag="600"><subfield code="a">Weber, Max</subfield><subfield code="d">1864-1920</subfield></datafield><datafield ind1="1" ind2="7" tag="600"><subfield code="a">Weber, Max</subfield><subfield code="d">1864-1920</subfield><subfield code="x">Rechtssoziologie</subfield><subfield code="2">idsbb</subfield></datafield><datafield ind1=" " ind2="7" tag="650"><subfield code="a">Droit</subfield><subfield code="0">(IDREF)027466868</subfield><subfield code="2">idref</subfield></datafield><datafield ind1=" " ind2="7" tag="650"><subfield code="a">Sociologie juridique</subfield><subfield code="0">(IDREF)027263290</subfield><subfield code="2">idref</subfield></datafield><datafield ind1=" " ind2="7" tag="650"><subfield code="a">Philosophie sociale</subfield><subfield code="0">(IDREF)027553213</subfield><subfield code="2">idref</subfield></datafield><datafield ind1=" " ind2="7" tag="650"><subfield code="a">Rechtssoziologie</subfield><subfield code="0">(DE-588)4048837-8</subfield><subfield code="2">gnd</subfield></datafield><datafield ind1=" " ind2="7" tag="650"><subfield code="a">Rechtssoziologie</subfield><subfield code="2">idszbz</subfield></datafield><datafield ind1=" " ind2="0" tag="650"><subfield code="a">Sociological jurisprudence</subfield></datafield><datafield ind1=" " ind2="7" tag="650"><subfield code="a">RECHTSSOZIOLOGIE</subfield><subfield code="9">ger</subfield><subfield code="0">(ETHUDK)000010032</subfield><subfield code="2">ethudk</subfield></datafield><datafield ind1=" " ind2="7" tag="650"><subfield code="a">REZEPTION (WIRKUNGSGESCHICHTE, ALLGEMEIN)</subfield><subfield code="9">ger</subfield><subfield code="0">(ETHUDK)000057407</subfield><subfield code="2">ethudk</subfield></datafield><datafield ind1=" " ind2="7" tag="655"><subfield code="a">[Études diverses]</subfield><subfield code="0">(RERO)A022249905</subfield><subfield code="2">rero</subfield></datafield><datafield ind1="1" ind2=" " tag="700"><subfield code="a">Lascoumes, Pierre</subfield><subfield code="d">1948-</subfield><subfield code="0">(DE-588)170774511</subfield><subfield code="6">880-02</subfield></datafield><datafield ind1="1" ind2=" " tag="880"><subfield code="6">700-02</subfield><subfield code="a">Lascoumes, Pierre</subfield><subfield code="c">juriste et sociologue</subfield><subfield code="d">1948-....</subfield><subfield code="0">(IDREF)026967472</subfield></datafield><datafield ind1=" " ind2=" " tag="830"><subfield code="a">Collection &quot;Droit et société&quot;</subfield><subfield code="p">L.G.D.J</subfield><subfield code="v">14</subfield><subfield code="w">(RERO)1487788-41slsp</subfield></datafield><datafield ind1=" " ind2=" " tag="830"><subfield code="a">Droit et société</subfield><subfield code="v">14</subfield><subfield code="w">(IDSBB)001155821DSV01</subfield></datafield><datafield ind1=" " ind2=" " tag="900"><subfield code="a">REROnoselfmerge</subfield></datafield></record>
</metadata></record>